2634 3914
192 219 251 281 140
402 210 407 214 ’
519 214 547 263 0.
572 215 666 262 IULII
688 213 859 262 CAESARIS
1063 256 1065 264 .
1118 215 1176 263 Vll.

188 362 289 438 Itaque
311 363 477 423 cohortatus
498 363 618 423 Aeduos
636 363 672 423 de
692 362 893 438 supportando
910 373 1076 422 commeatu
1096 381 1178 438 prae·

187 462 272 519 mittit
293 462 330 519 ad
351 461 449 531 Boios
471 462 520 537 qui
541 462 577 520 de
600 479 653 520 suo
673 462 799 518 adventu
817 461 942 518 doceant
962 459 1177 537 hortenturque,

187 567 219 614 ut
241 559 271 615 in
296 559 353 617 fide
375 569 511 616 maneant
533 569 619 634 atque
641 558 768 616 hostium
789 559 929 633 impeturn
950 576 1059 634 magno
1080 559 1177 616 animo

188 657 354 714 sustineant
396 655 516 714 Duabus
531 655 673 731 Agedinci
687 655 849 730 legionibus
863 665 949 730 atque
963 656 1178 731 impedimentis

160 755 276 814 5t0tius
298 754 440 813 exercitus
464 755 567 812 relictis
589 753 627 811 ad
651 753 742 811 Boios
769 753 964 828 proficiscitur.
1017 761 1058 813 11.
1079 755 1178 812 Altero

189 851 235 908 die
258 870 325 909 cum
352 851 390 909 ad
417 851 557 927 oppidum
587 851 737 910 Senonum
756 851 1019 910 Vellaunodunum
1046 853 1177 924 venisset,

189 967 226 1006 ne
254 967 341 1024 quern
369 958 436 1026 post
464 967 495 1007 se
524 949 638 1006 hostem
659 948 838 1023 relinqueret,
864 966 922 1026 quo
950 950 1125 1025 expeditiore
1147 969 1178 1008 re

189 1047 374 1104 frumentaria
397 1056 531 1116 uteretur,
556 1064 726 1122 oppugnare
750 1046 869 1103 instituit
893 1046 981 1121 idque
1008 1047 1097 1104 biduo
1124 1048 1178 1104 cir-

189 1145 383 1217 cumvallavit;
405 1145 489 1203 tertio
509 1144 555 1202 die
569 1144 665 1201 missis
684 1161 720 1200 ex
739 1142 850 1218 oppido
866 1142 967 1218 legatis
982 1143 1018 1202 de
1033 1144 1178 1202 deditione

144 1263 174 1299 10
188 1261 267 1302 arma
286 1243 417 1314 conferri,
434 1244 562 1300 iumenta
577 1241 708 1316 produci,
722 1256 762 1298 nc
783 1240 901 1298 obsides
922 1240 982 1298 dari
1003 1242 1091 1300 iubet.
1133 1241 1178 1298 Ea

187 1343 236 1418 qui
257 1342 419 1411 conficeret,
441 1339 547 1399 Gaium
568 1339 749 1396 Trebonium
769 1338 897 1414 legatum
918 1338 1058 1414 relinquit.
1100 1338 1176 1414 Ipse,

186 1451 218 1498 ut
245 1458 333 1516 quarn
360 1439 486 1514 primum
517 1437 570 1494 iter
600 1435 714 1505 faceret,
744 1435 895 1493 Cenabum
923 1434 1083 1494 Camutum
1110 1454 1177 1512 pro-

186 1539 334 1607 ficiscitur;
357 1537 406 1613 qui
429 1545 490 1594 tum
514 1536 640 1611 primum
664 1534 750 1592 allato
775 1534 877 1591 nuntio
900 1534 936 1592 de
959 1535 1177 1610 oppugnatione

186 1634 408 1704 Vellaunoduni,
424 1653 490 1693 cum
505 1634 620 1708 longius
641 1651 706 1690 eam
720 1649 781 1690 rem
795 1625 913 1690 ductum
927 1633 960 1690 iri
974 1633 1176 1705 existimarent,

142 1748 170 1798 15
184 1733 359 1808 praesidium
383 1729 492 1791 Cenabi
516 1731 615 1789 tuendi
638 1748 733 1800 causa,
757 1729 837 1806 quod
861 1748 898 1789 eo
920 1731 1072 1802 mitterent,
1094 1749 1176 1790 com·

186 1833 333 1907 parabant.
376 1830 445 1888 Huc
478 1830 567 1888 biduo
602 1830 739 1905 pervenit.
788 1827 896 1887 Castris
932 1839 999 1887 ante
1034 1829 1176 1905 oppidum

185 1929 286 2004 positis
310 1927 366 1986 diei
390 1937 518 2002 ternpore
541 1927 674 1985 exclusus
696 1926 726 1983 in
751 1935 900 2002 posterum
925 1928 1176 2003 oppugnationem

185 2025 278 2084 differt
298 2041 429 2100 quaeque
450 2022 487 2080 ad
508 2041 572 2080 eam
593 2041 654 2080 rem
672 2022 737 2081 usui
759 2023 816 2080 sint
835 2023 970 2081 militibus
995 2024 1116 2099 imperat
1139 2033 1168 2081 et

186 2123 265 2199 quod
286 2122 427 2199 oppidum
450 2119 601 2178 Cenabum
621 2138 698 2196 pons
721 2119 847 2179 fluminis
868 2120 979 2196 Ligeris
1000 2122 1175 2192 continebat,

142 2234 173 2270 20
185 2222 299 2291 veritus,
320 2238 357 2278 ne
383 2228 472 2276 noctu
496 2237 532 2276 ex
553 2218 663 2294 oppido
684 2218 880 2294 profugerent,
902 2219 975 2278 duas
995 2219 1124 2295 legiones
1145 2219 1177 2276 in

186 2320 272 2376 armis
305 2318 448 2375 excubare
482 2316 568 2374 iubet.
611 2315 798 2374 Cenabenses
831 2317 918 2392 paulo
953 2325 1020 2374 ante
1049 2316 1177 2374 mediam

186 2425 302 2474 noctem
316 2413 427 2472 silentio
442 2431 478 2470 ex
498 2414 608 2488 oppido
627 2414 735 2488 egressi
749 2408 859 2470 flumen
875 2414 994 2472 transire
1008 2423 1175 2488 coeperunt.

186 2513 254 2584 Qua
280 2531 311 2570 re
338 2529 389 2587 per
417 2510 614 2587 exploratores
642 2510 773 2567 nuntiata
802 2508 909 2568 Caesar
935 2510 1073 2586 legiones,
1102 2528 1176 2586 quas

185 2611 333 2686 expeditas
367 2626 430 2666 esse
463 2607 591 2677 iusserat,
619 2607 710 2682 portis
742 2607 867 2665 incensis
899 2607 1059 2666 intromittit
1088 2618 1176 2684 atque

141 2719 170 2769 25
184 2709 294 2785 oppido
322 2707 429 2783 potitur
455 2705 607 2782 perpaucis
635 2723 671 2762 ex
698 2704 825 2761 hostium
853 2722 974 2763 numero
999 2705 1174 2776 desideratis,

185 2808 253 2883 quin
268 2805 363 2864 cuncti
378 2811 557 2880 caperentur,
572 2801 651 2877 quod
665 2801 763 2876 pontis
777 2810 863 2877 atque
878 2802 1011 2860 itinerum
1025 2805 1175 2878 angustiae

183 2903 370 2963 multitudinis
396 2902 496 2978 fugam
524 2900 746 2958 intercluserant
790 2898 941 2974 Oppidum
969 2900 1065 2975 diripit
1088 2910 1176 2977 atque

183 3001 318 3070 incendit,
339 2999 477 3075 praedam
501 2997 637 3054 militibus
660 2996 758 3064 donat,
782 2996 938 3054 exercitum
962 2995 1097 3072 Ligerem
1117 3008 1175 3056 tra-

183 3099 261 3157 ducit
280 3107 365 3173 atque
384 3098 414 3153 in
434 3095 592 3170 Biturigum
607 3094 679 3151 fines
698 3094 834 3168 pervenit.
875 3099 922 3152 12.
944 3093 1174 3170 Vercingetorix,

139 3207 170 3256 30
183 3197 232 3253 ubi
260 3196 296 3254 de
325 3193 457 3254 Caesaris
486 3192 612 3250 adventu
642 3190 786 3266 cognovit,
814 3192 1034 3266 oppugnatione
1066 3193 1175 3250 destitit

183 3304 268 3368 atque
287 3292 402 3350 obviarn
417 3289 533 3347 Caesari
548 3287 744 3363 proficiscitur.
786 3287 837 3346 Ille
856 3289 997 3364 oppidum
1012 3288 1175 3365 Biturigum

183 3391 309 3466 positum
336 3389 367 3445 in
394 3388 439 3444 via
466 3386 674 3444 Noviodunum
701 3401 871 3460 oppugnare
895 3386 1060 3444 instituerat.
1103 3386 1174 3458 Quo

182 3507 219 3545 ex
246 3486 356 3562 oppido
385 3503 451 3544 cum
474 3484 561 3560 legati
588 3485 714 3542 adeum
741 3485 888 3544 venissent
912 3495 1033 3559 oratum,
1058 3497 1090 3545 ut
1118 3489 1174 3546 sibi

1309 3 1312 191 l

1310 231 1313 414 l
