2634 3914
150 174 288 244 51-54.
375 174 421 222 nn
442 175 552 222 narro
576 173 724 222 cnrrrco
747 173 857 222 corun.
886 174 915 226 r.
1079 178 1140 244 109

148 322 216 381 itate
244 321 331 399 legati
360 322 396 381 sit
425 331 585 398 acceptum,
610 322 668 382 hoc
699 323 836 399 aequiore
861 321 958 381 animo
989 319 1139 380 ferendum

149 420 242 493 docet,
278 421 358 497 quod
392 422 536 480 beneficio
574 421 696 481 deorum
730 421 937 479 immortalium
975 429 1004 479 et
1037 420 1139 478 virtute

147 536 249 576 eorum
270 519 387 595 expiato
408 518 598 590 incommodo
619 538 714 595 neque
735 519 867 578 hostibus
894 515 1003 576 diutina
1023 517 1143 576 laetatio

146 633 242 692 neque
276 617 346 693 ipsis
381 617 497 692 longior
524 617 608 676 dolor
634 618 818 693 relinquatur.
874 623 925 676 53.
953 615 1073 674 Interim
1101 614 1139 673 ad

146 712 309 773 Labienum
343 733 396 791 per
430 715 541 774 Remos
575 715 735 774 incredibili
759 715 914 798 celeritate
950 713 986 774 de
1020 713 1166 773 victoria5

148 809 280 870 Caesaris
313 811 391 870 fama
417 811 567 888 perfertur,
599 821 639 884 ut,
670 831 737 871 cum
765 814 803 871 ab
830 812 957 872 hibernis
989 809 1138 870 Ciceronis

146 909 225 967 milia
238 909 376 984 passuum
391 911 507 968 abesset
525 909 637 969 circiter
650 928 696 981 nx,
717 929 812 986 eoque
826 919 894 988 post
911 910 1015 968 horam
1028 927 1138 968 nonam

146 997 204 1065 diei
233 1006 340 1066 Caesar
367 1008 552 1084 pervenisset,
581 1017 648 1066 ante
675 1009 802 1067 mediam
829 1017 947 1066 noctem
975 1007 1012 1065 ad
1040 1015 1138 1083 portas

146 1115 307 1164 castrorum
335 1105 444 1164 elamor
471 1115 606 1177 oreretur,
632 1123 690 1181 quo
719 1106 844 1186 clamore
873 1105 1044 1181 significatio
1068 1105 1137 1162 viet-

145 1203 224 1262 oriae
255 1203 464 1280 gratulatioque
493 1205 530 1262 ab
555 1203 656 1262 Remis
680 1204 811 1262 Labieno
836 1203 924 1263 fieret.
967 1202 1035 1262 Hac
1060 1202 1138 1260 fama
1153 1219 1183 1254 10

145 1302 184 1360 ad
206 1301 350 1361 Treveros
374 1302 483 1378 perlata
508 1303 732 1374 Indutiomarus,
758 1302 808 1379 qui
832 1311 951 1378 postero
977 1301 1023 1360 die
1046 1309 1138 1358 eastra

145 1399 267 1458 Labieni
300 1417 470 1476 oppugnare
499 1401 671 1470 decreverat,
700 1409 789 1459 noctu
821 1399 949 1476 profugit
980 1397 1138 1474 copiasque

145 1515 250 1556 omnes
284 1497 315 1554 in
349 1497 493 1556 Treveros
527 1499 645 1558 reducit.
689 1498 796 1557 Caesar
830 1498 953 1556 Fabium
984 1514 1052 1555 cum
1086 1513 1138 1554 sua

144 1594 261 1670 legione
291 1595 407 1653 remittit
437 1597 467 1653 in
501 1595 630 1667 hiberna,
661 1596 723 1672 ipse
754 1614 821 1654 curn
851 1595 941 1653 tribus
975 1593 1137 1668 legionibus

145 1693 255 1752 circum
277 1692 510 1752 Samarobrivam
531 1695 612 1752 trinis
632 1695 760 1752 hibernis
784 1693 911 1752 hiemare
932 1693 1080 1752 constituit
1100 1702 1136 1764 et,
1153 1706 1180 1754 15

144 1792 226 1868 quod
243 1792 314 1850 tanti
328 1801 425 1849 motus
443 1791 554 1852 Galliae
574 1793 751 1864 exstiterant,
765 1801 858 1850 totam
872 1791 999 1850 hiemem
1018 1790 1082 1866 ipse
1099 1789 1138 1848 ad

144 1890 302 1948 exereitum
335 1907 453 1948 manere
495 1889 627 1948 decrevit.
681 1889 759 1947 Nam
794 1890 843 1948 illo
877 1887 1066 1948 incommodo
1100 1887 1137 1946 de

145 1986 245 2045 Sabini
266 1997 358 2046 morte
379 1988 490 2064 perlato
511 2005 614 2046 omnes
638 1987 698 2046 fere
720 1986 830 2045 Galliae
852 1987 978 2046 civitates
1004 1987 1040 2045 de
1060 1987 1135 2044 bello

144 2085 357 2156 consultabant,
379 2086 497 2143 nuntios
518 2084 736 2160 legationesque
759 2085 790 2142 in
804 2102 908 2143 omnes
925 2093 1023 2161 partes
1042 2084 1136 2142 dimit·

143 2183 245 2240 tebant
262 2191 298 2252 et,
317 2182 388 2258 quid
405 2182 507 2258 reliqui
528 2181 641 2240 consilii
663 2191 799 2258 caperent
819 2191 906 2257 atque
926 2182 1004 2240 unde
1026 2181 1136 2240 initium
1152 2195 1182 2230 ²0

143 2282 213 2340 belli
233 2282 321 2352 fieret,
344 2282 535 2359 explorabant
555 2290 754 2356 nocturnaque
775 2281 805 2338 in
826 2281 897 2340 locis
922 2281 1042 2342 desertis
1065 2301 1136 2342 con·

144 2379 209 2437 cilia
236 2378 389 2437 habebant.
433 2377 537 2454 Neque
564 2377 654 2436 ullum
681 2377 741 2436 fere
768 2377 856 2436 totius
886 2378 990 2438 hiemis
1021 2388 1136 2456 tempus

144 2477 207 2534 sine
227 2477 416 2535 sollicitudine
435 2475 567 2534 Caesaris
588 2475 754 2546 intercessit,
773 2476 844 2551 quin
863 2477 989 2552 aliquem
1008 2477 1044 2536 de
1065 2496 1136 2538 con·

143 2575 212 2634 siliis
246 2593 280 2634 ac
308 2583 390 2632 motu
418 2573 570 2634 Gallorum
604 2575 738 2632 nuntium
765 2575 915 2650 acciperet.
957 2575 994 2634 In
1021 2575 1066 2635 his
1099 2577 1136 2634 ab

143 2670 177 2730 L.
200 2671 320 2744 Roscio,
341 2690 429 2748 quem
450 2671 557 2746 legioni
578 2671 807 2730 tertiaedecimae
828 2673 1013 2749 praefecerat,
1034 2675 1136 2733 certior
1150 2687 1179 2738 α5

143 2767 236 2828 factus
258 2779 302 2828 est
322 2787 445 2845 magnas
467 2767 618 2827 Gallomm
639 2769 739 2846 copias
764 2788 863 2828 earum
884 2771 1038 2842 civitatum,
1060 2789 1135 2848 quae

142 2866 329 2926 Aremoricae
354 2867 542 2943 appellantur,
566 2868 757 2943 oppugnandi
785 2869 829 2926 sui
853 2886 941 2927 causa
965 2870 1135 2930 convenisse

143 2983 239 3040 neque
256 2965 372 3041 longius
391 2965 470 3022 milia
490 2983 629 3041 passuum
650 2975 718 3023 octo
740 2967 777 3024 ab
797 2965 924 3024 hibernis
941 2967 1001 3024 suis
1019 2966 1135 3040 afuisse,

143 3062 196 3120 sed
217 3063 318 3120 nuntio
341 3063 427 3121 allato
453 3061 489 3120 de
513 3063 631 3121 victoria
655 3061 788 3122 Caesaris
812 3063 978 3122 discessisse
1003 3065 1078 3123 adeo
1103 3075 1135 3124 ut

142 3159 229 3234 fugae
251 3160 349 3218 similis
372 3161 515 3220 discessus
537 3161 686 3220 videretur.
729 3166 780 3219 54.
802 3161 843 3220 At
865 3160 972 3219 Caesar
998 3163 1135 3239 principi·
1148 3190 1180 3238 30

142 3257 198 3315 bus
221 3258 360 3333 cuiusque
381 3258 503 3317 civitatis
523 3258 562 3316 ad
586 3276 617 3316 se
640 3259 766 3316 evocatis
787 3259 857 3316 alias
877 3259 1044 3331 territando
1066 3277 1134 3318 cum

143 3371 174 3412 se
199 3354 280 3420 scire,
306 3373 380 3430 quae
405 3357 512 3428 fierent,
538 3357 726 3427 denuntiaret,
755 3357 824 3414 alias
848 3356 1028 3415 cohortando
1052 3374 1133 3434 mag-

142 3471 211 3511 nam
238 3464 350 3531 partem
381 3453 492 3513 Galliae
519 3455 549 3513 in
575 3455 671 3514 officio
699 3456 798 3514 tenuit.
842 3455 957 3516 Tamen
991 3455 1131 3526 Senones.
