2606 3934
120 267 259 335 24-27.
370 266 416 314 nn
437 264 546 314 sarto
570 262 720 314 catrico
742 263 851 314 comm.
874 265 899 314 r.
1070 264 1109 334 15

120 425 152 476 ut
176 417 256 476 viotis
281 430 315 474 ac
340 416 482 474 submotis
509 416 659 485 resisteret,
681 415 771 487 tertia,
795 423 827 474 ut
854 414 1000 474 venientes
1025 414 1110 472 susti·

122 524 210 573 neret.
252 519 303 572 26.
326 513 371 570 Ita
388 514 506 589 ancipiti
526 513 635 588 proelio
655 513 704 571 diu
723 523 809 589 atque
830 513 930 572 acriter
948 520 1110 588 pugnatum
1181 544 1183 548 ·

124 621 172 669 est
215 611 330 670 Diutius
345 627 412 668 curn
427 611 568 669 sustinere
583 619 749 668 nostrorum
765 611 890 686 impetus
906 627 966 669 non
980 618 1110 686 possent,

123 709 202 766 alteri
229 725 271 780 se,
290 717 323 766 ut
350 718 515 784 coeperant,
543 709 573 766 in
600 718 733 766 montem
760 717 938 785 receperunt,
966 708 1045 766 alteri
1072 707 1110 766 ad

122 799 329 883 impedimenta
345 815 374 864 et
393 823 489 865 carros
509 823 578 866 suos
596 825 626 865 se
643 805 834 866 contulerunt.
876 806 955 864 Nam
972 805 1029 865 hoc
1048 815 1136 881 tot05

122 905 244 983 proelio,
264 922 330 963 curn
350 904 387 962 ab
404 904 475 962 hora
494 905 617 980 septima
640 904 677 961 ad
701 921 855 980 vesperum
882 914 1043 980 pugnaturn
1066 905 1110 974 sit,

123 1021 254 1062 aversum
274 1002 389 1060 hostem
410 1001 506 1060 videre
528 1019 615 1058 nemo
636 1001 737 1078 potuit.
779 1001 828 1060 Ad
851 1002 971 1060 multam
994 1011 1112 1061 noctem

123 1103 209 1160 etiam
231 1103 269 1161 ad
290 1101 497 1176 impedimenta
517 1109 679 1176 pugnaturn
700 1109 753 1172 est,
774 1110 928 1177 propterea
952 1101 1032 1178 quod
1056 1119 1111 1179 pro

123 1199 197 1258 vallo
231 1217 328 1258 carros
360 1199 525 1256 obiecerant
553 1207 581 1256 et
613 1215 632 1255 e
666 1197 732 1256 loco
762 1199 908 1274 superiore
940 1195 970 1256 in
996 1207 1113 1258 nosnos

123 1297 271 1355 venientes
285 1297 342 1356 tela
362 1296 552 1366 coniciebant,
573 1303 601 1352 et
620 1295 749 1352 nonnulli
769 1296 843 1354 inter
862 1314 959 1354 carros
976 1306 1111 1371 rotasque
1127 1321 1157 1354 ro

123 1403 247 1451 mataras
284 1412 318 1452 ac
346 1392 471 1466 tragulas
501 1392 681 1450 subiciebant
713 1401 886 1468 nostrosque
917 1393 1112 1451 vulnerabant.

124 1491 184 1550 Diu
210 1509 277 1550 cum
302 1501 377 1552 esset
402 1500 571 1569 pugnatum,
599 1491 812 1566 impedimentis
840 1492 995 1568 castrisque
1022 1493 1113 1550 nostri

124 1589 206 1665 potiti
228 1599 302 1648 sunt.
352 1589 397 1648 Ibi
417 1589 595 1665 Orgetorigis
617 1589 674 1647 filia
692 1598 778 1664 atque
797 1605 873 1648 unus
894 1607 910 1646 e
932 1589 995 1647 liliis
1012 1597 1113 1664 captus

124 1695 176 1745 est.
217 1685 262 1744 Ex
284 1703 319 1746 eo
347 1687 457 1764 proelio
486 1686 595 1744 circiter
619 1686 697 1744 milia
723 1687 876 1745 hominum
903 1702 985 1745 cxxx
1013 1705 1112 1762 super-

124 1783 238 1843 fuerunt
252 1785 419 1860 eaque'tota
436 1794 523 1842 nocte
540 1784 719 1842 continenter
738 1785 850 1843 ierunt:
872 1785 981 1843 nullam
1000 1794 1111 1862 partem
1127 1809 1155 1861 15

125 1883 218 1941 noctis
246 1883 346 1942 itinere
374 1884 538 1942 intermisso
566 1882 596 1939 in
629 1881 702 1940 fines
735 1881 904 1958 Lingonum
938 1883 984 1941 die
1010 1893 1112 1959 quarto

125 1989 324 2056 pervenerunt,
353 1995 420 2038 cum
451 1989 479 2038 et
511 1988 629 2055 propter
661 1979 778 2038 vulnera
809 1981 931 2038 militurn
965 1989 994 2038 et
1025 1997 1112 2056 prop-

125 2088 169 2136 ter
189 2077 364 2153 sepulturam
391 2080 555 2136 occisorum
577 2078 667 2134 nostri
687 2077 813 2135 triduum
835 2079 937 2136 morati
959 2095 1010 2138 eos
1031 2079 1113 2154 sequi

125 2191 188 2232 non
215 2175 384 2250 potuissent.
427 2173 535 2232 Caesar
563 2173 601 2230 ad
629 2174 778 2249 Lingonas
805 2175 911 2234 litteras
938 2177 1113 2252 nuntiosque

126 2272 211 2343 misit,
226 2289 263 2330 ne
277 2289 328 2331 eos
344 2272 487 2330 frumento
502 2289 574 2330 neve
588 2271 687 2328 aliare
701 2271 845 2332 iuvarent:
867 2272 916 2348 qui
930 2273 953 2330 si
968 2273 1111 2344 iuvissent,
1126 2299 1157 2332 ιο

127 2389 158 2430 se
186 2371 292 2430 eodem
319 2371 395 2442 loco,
423 2388 483 2446 quo
511 2368 669 2440 Helvetios,
697 2369 869 2429 habiturum.
924 2371 992 2448 Ipse
1018 2373 1112 2431 triduo

127 2471 292 2530 intermisso
307 2485 374 2529 curn
388 2471 524 2529 omnibus
542 2469 633 2545 copiis
654 2487 706 2528 cos
723 2471 804 2546 sequi
823 2471 927 2547 coepit.
970 2477 1020 2532 27.
1042 2471 1114 2529 Hel-

127 2570 193 2628 vetii
220 2569 350 2627 omnium
379 2586 474 2626 rerum
501 2567 600 2642 inopia
627 2568 743 2626 adducti
770 2569 882 2644 legatos
909 2569 946 2629 de
966 2570 1114 2630 deditione

128 2668 256 2726 adeum
280 2668 428 2724 miserunt.
471 2664 618 2736 Quicum
646 2683 713 2723 curn
734 2665 764 2723 in
785 2667 884 2725 itinere
912 2670 1114 2728 convenissent

129 2781 218 2839 seque
246 2762 284 2820 ad
311 2762 402 2838 pedes
430 2762 620 2838 proiecissent
649 2762 870 2838 suppliciterque
897 2764 985 2823 locuti
1012 2766 1113 2825 flentes
1127 2795 1155 2846 ²5

127 2879 233 2938 pacem
260 2861 407 2936 petissent,
436 2869 522 2935 atque
549 2876 601 2918 eos
627 2860 658 2916 in
684 2877 721 2918 eo
742 2860 817 2933 loce,
839 2877 898 2938 quo
924 2872 986 2920 tum
1007 2875 1112 2936 essent,

129 2975 214 3017 suum
234 2959 389 3016 adventum
410 2966 577 3032 exspectare
598 2957 735 3029 iussisset,
757 2968 920 3034 paruerunt.
962 2959 1007 3019 Eo
1034 2973 1112 3036 post·

130 3073 218 3132 quam
246 3055 354 3114 Caesar
381 3055 517 3131 pervenit,
539 3055 663 3126 obsides,
685 3073 772 3126 arma,
794 3074 899 3127 servor,
921 3058 970 3134 qui
996 3059 1035 3117 ad
1061 3060 1113 3118 eos

129 3152 331 3230 profugissent,
360 3152 501 3228 poposcit.
556 3149 636 3210 Dum
663 3169 698 3210 ea
725 3154 932 3229 conquiruntur
959 3164 988 3214 et
1014 3156 1113 3216 conse·

128 3258 230 3308 runtur
255 3259 343 3308 nocte
369 3250 540 3320 intermissa,
569 3249 679 3308 circiter
705 3249 855 3308 hominum
882 3251 960 3310 milia
993 3269 1025 3310 vr
1052 3255 1112 3314 eius
1125 3285 1156 3334 30

129 3347 207 3424 pagi,
243 3347 292 3423 qui
325 3347 508 3422 Verbigenus
543 3347 709 3424 appellatur,
738 3348 797 3406 sive
827 3349 932 3407 timore
964 3353 1111 3426 perterriti,

129 3465 168 3504 ne
195 3445 282 3503 armis
315 3445 424 3502 traditis
457 3445 597 3521 supplicio
628 3444 814 3515 afficerentur,
845 3445 905 3503 sive
934 3464 986 3523 spe
1016 3449 1112 3508 salutis

129 3543 247 3615 inducti,
262 3541 343 3619 quod
360 3541 391 3600 in
411 3549 490 3600 tanta
508 3540 687 3600 multitudine
706 3541 905 3601 dediticiorum
919 3560 1002 3602 suam
1015 3545 1114 3621 lugam
