2634 3914
146 239 281 308 27-31.
393 233 439 281 aa
460 229 570 280 arrio
594 205 744 280 clearco
768 225 877 280 corun.
900 230 951 283 rr.
1097 234 1136 304 79

144 401 211 442 cum
237 381 371 441 fluctibus
403 382 622 458 complerentur,
651 381 815 456 necessario
844 381 964 440 adversa
992 389 1078 440 nocte
1107 381 1137 439 in

145 481 234 540 altum
255 481 402 557 profectae
426 481 622 540 continentem
643 480 793 554 petierunt.
835 485 889 538 29.
910 479 1023 537 Eadem
1052 489 1137 537 nocte
1180 491 1183 496 ’
1259 469 1261 474 ’

146 579 257 649 accidit,
275 588 307 636 ut
320 587 396 637 esset
413 577 481 636 luna
499 577 593 654 plena,
609 577 658 653 qui
677 576 738 635 dies
753 577 912 636 maritimos
933 586 1028 635 aestus
1046 577 1137 634 maxi·

146 693 211 736 mos
225 677 255 734 in
272 675 394 736 Oceano
409 676 520 734 efficere
542 674 700 745 consuevit,
722 676 886 750 nostrisque
908 675 938 733 id
958 685 1018 733 erat
1036 675 1137 750 incog-

147 775 248 832 nitum.
289 773 334 832 Ita
353 791 413 832 uno
433 783 564 850 ternpore
589 783 617 831 et
644 773 748 848 longas
775 791 872 844 naveS,
898 773 1001 850 quibus
1031 772 1165 834 Caesar5
1255 789 1260 800 '

148 873 305 930 exercitum
322 871 576 947 transportandum
595 879 742 928 curaverat
756 889 885 947 quasque
900 871 930 928 in
945 871 1056 929 aridum
1071 871 1138 928 sub-

149 969 275 1039 duxerat,
298 979 392 1027 aestus
414 969 615 1045 compleverat,
638 977 666 1025 et
686 969 841 1038 onerarias,
863 987 937 1044 quae
958 969 996 1026 ad
1017 986 1138 1027 ancoras

149 1077 230 1126 erant
252 1067 399 1142 deligatae,
419 1075 575 1142 tempestas
597 1064 758 1136 afflictabat,
779 1083 874 1140 neque
895 1065 952 1124 ulla
972 1067 1076 1124 nostris
1098 1065 1139 1123 l·

150 1166 240 1224 cultas
262 1174 311 1224 aut
334 1163 552 1223 administrandi
576 1171 625 1220 aut
650 1162 803 1222 auxiliandi
828 1162 955 1221 dabatur.
998 1163 1139 1240 Complu-

150 1265 229 1322 ribus
249 1264 370 1322 navibus
391 1262 487 1320 fractis
508 1261 634 1338 reliquae
662 1279 729 1320 curn
757 1271 853 1320 essent
880 1261 1005 1332 funibus
1027 1261 1141 1319 ancoris
1157 1287 1186 1321 10

151 1362 324 1437 reliquisque
356 1360 541 1418 armamentis
573 1359 685 1418 arnissis
720 1359 758 1417 ad
791 1359 984 1436 navigandum
1019 1359 1140 1430 inutiles,

152 1477 268 1537 magna,
283 1459 312 1518 id
334 1458 413 1536 quod
432 1475 552 1516 necesse
573 1466 633 1514 erat
654 1457 792 1528 accidere,
807 1457 894 1516 totius
915 1457 1056 1516 exercitus
1077 1475 1141 1533 per·

153 1560 277 1620 turbatio
305 1558 381 1616 lacta
408 1565 460 1614 est.
502 1553 606 1631 Neque
627 1556 705 1614 enirn
726 1574 813 1614 naves
835 1565 915 1614 crant
936 1557 1016 1627 aliae,
1039 1557 1142 1633 quibus

152 1656 292 1734 reportari
319 1664 447 1732 possent,
476 1662 504 1712 et
531 1655 629 1711 omnia
644 1653 780 1730 deerant,
809 1673 883 1731 quae
911 1654 948 1713 ad
975 1654 1143 1712 reficiendas

154 1775 243 1816 naves
267 1764 347 1813 erant
372 1753 444 1822 usui,
468 1761 504 1823 et,
528 1751 608 1828 quod
637 1753 771 1810 omnibus
796 1753 945 1810 constabat
969 1752 1086 1810 hiemari
1114 1751 1144 1809 in
1160 1774 1188 1823 15

156 1853 250 1914 Gallia
264 1861 404 1928 oportere,
419 1849 597 1908 frumentum
614 1849 658 1908 his
675 1850 705 1907 in
723 1850 794 1908 locis
812 1850 843 1908 in
860 1851 984 1909 hiemem
998 1850 1144 1926 provisum

157 1971 219 2010 non
233 1959 301 2008 erat.
818 1933 823 1942 ¹

213 2055 266 2108 30.
289 2045 402 2119 Quibus
435 2047 520 2103 rebus
556 2047 679 2120 cognitis
709 2046 854 2122 principes
889 2047 1062 2117 Britanniae,
1097 2048 1145 2123 qui

158 2156 226 2226 post
244 2144 385 2222 proelium
405 2143 441 2201 ad
462 2141 617 2200 Caesarem
637 2153 839 2214 convenerant,
859 2145 932 2202 inter
953 2163 984 2202 se
1004 2145 1145 2215 collocuti,

159 2263 226 2304 cum
247 2243 357 2320 equites
377 2250 406 2298 et
427 2257 515 2298 naves
536 2249 564 2298 et
584 2240 758 2300 frumentum
779 2241 922 2301 Romanis
943 2243 1045 2302 deesse
1065 2243 1147 2302 intel·
1161 2277 1192 2311 20

158 2343 288 2418 legerent
318 2347 347 2397 et
377 2339 552 2414 paucitatem
584 2339 706 2397 militurn
737 2358 773 2397 ex
807 2350 964 2398 castrorum
995 2341 1148 2416 exiguitate

159 2446 380 2516 cognoscerent,
402 2454 475 2514 quae
499 2436 556 2494 hoc
577 2446 658 2495 erant
678 2438 765 2496 etiam
786 2439 960 2514 angustiora,
983 2439 1063 2516 quod
1087 2441 1148 2498 sine

159 2536 375 2615 impedimentis
391 2534 498 2592 Caesar
511 2533 640 2610 legiones
655 2545 902 2613 transportaverat,
917 2539 1058 2614 optimum
1072 2537 1149 2597 factu

160 2655 226 2695 esse
263 2635 406 2694 duxerunt
441 2633 597 2692 rebellione
634 2633 710 2692 facta
745 2634 889 2694 frumento
928 2647 1149 2712 commeatuque

161 2743 278 2794 nostros
298 2732 450 2810 prohibere
475 2740 504 2789 et
527 2749 588 2788 rem
612 2732 642 2790 in
666 2732 790 2791 hiemem
814 2733 982 2809 producere,
1004 2735 1083 2811 quod
1107 2735 1150 2793 his
1165 2764 1193 2815 25

161 2831 303 2908 superatis
318 2838 366 2888 aut
379 2829 472 2888 reditu
486 2829 644 2887 interclusis
659 2831 805 2888 neminem
819 2841 920 2906 postea
933 2831 999 2889 belli
1012 2831 1151 2890 inferendi

162 2947 252 2990 causa
267 2927 488 3002 in‚Britanniam
501 2929 685 2986 transiturum
700 2929 891 2989 confidebant.
933 2929 1034 3007 Itaque
1055 2949 1152 2990 rursus

161 3027 362 3087 coniuratione
377 3025 454 3084 facta
468 3027 606 3102 paulatim
620 3045 656 3085 ex
671 3027 768 3086 castris
784 3026 930 3086 discedere
945 3045 979 3086 ac
995 3046 1063 3087 suos
1078 3030 1152 3087 clam

163 3143 201 3184 ex
222 3126 298 3201 agris
318 3123 462 3182 deducere
483 3133 649 3200 coeperunt
692 3129 738 3184 31.
759 3124 799 3182 At
816 3124 932 3196 Caesar,
948 3126 1001 3183 etsi
1020 3127 1152 3186 nondum

164 3241 267 3284 eorum
294 3223 415 3282 consilia
443 3233 626 3298 cognoverat,
655 3233 753 3282 tamen
781 3232 809 3282 et
840 3242 877 3281 ex
907 3234 1010 3282 eventu
1038 3227 1152 3284 navium
1168 3263 1198 3315 30

164 3339 283 3382 suarum
301 3330 329 3379 et
350 3339 386 3379 ex
407 3338 453 3393 e0,
473 3321 553 3397 quod
572 3322 687 3381 obsides
709 3323 776 3381 dare
797 3322 1014 3394 intermiserant,
1034 3323 1095 3382 lore
1116 3327 1152 3398 id,

165 3419 247 3498 quod
262 3419 374 3490 accidit,
390 3420 595 3495 suspicabatur.
638 3421 740 3497 Itaque
758 3419 796 3479 ad
810 3438 912 3479 omnes
926 3437 1010 3479 casus
1028 3424 1153 3483 subsidia

165 3518 363 3594 comparabat.
406 3515 483 3575 Nam
504 3526 533 3576 et
547 3517 721 3578 frumentum
741 3537 777 3578 ex
795 3519 870 3594 agris
890 3519 995 3578 cotidie
1016 3521 1045 3579 in
1063 3533 1154 3582 castra
