2634 3914
126 259 259 328 12-15.
374 259 420 308 ns
440 259 550 310 astro
574 259 723 310 cnttrco
745 230 855 308 coium.
877 261 924 313 rr.
1069 260 1106 328 71

122 400 298 477 principibus
319 399 534 477 maioribusque
556 410 627 460 natu
649 387 785 462 adhibitis
806 401 844 464 ad
867 419 934 462 eurn
958 401 989 460 in
1017 411 1111 462 caetra

123 508 267 569 venerunt,
278 497 371 568 simul,
381 507 413 555 ut
428 498 584 571 dicebatur,
596 499 640 558 sui
650 499 793 574 purgandi
803 517 898 569 causa,
911 499 991 574 quod
1001 507 1109 568 contra,

123 606 208 673 atque
232 605 309 656 esset
333 597 441 654 dictum
463 605 491 655 et
511 597 566 672 ipsi
585 597 733 672 petissent,
754 597 897 673 proelium
917 596 1008 672 pridie
1030 613 1110 656 com-

124 693 276 764 misissent,
299 693 384 754 simul
410 702 450 766 ut,
476 695 499 752 si
527 693 597 771 quid
624 703 752 770 possent,
775 694 813 753 de
841 693 958 754 indutiis
985 693 1110 753 arundo

123 792 315 869 impetrarent.
359 790 444 864 Quos
463 791 516 850 sibi
536 790 644 852 Caesar
662 791 775 853 oblatos
791 792 907 866 gavisus
921 792 985 853 illos
998 791 1137 855 retineris

123 889 211 960 iussit,
232 891 294 966 ipse
314 908 416 949 omnes
436 891 535 966 copias
552 889 651 948 castris
672 890 771 948 eduxit
789 889 1012 965 equitatumque,
1031 889 1111 966 quod

123 985 231 1044 recenti
248 987 358 1064 proelio
377 988 557 1063 perterritum
570 1005 633 1046 esse
652 987 841 1058 existimabat,
855 1005 961 1062 agmen
975 987 1111 1062 subsequi

123 1084 212 1142 iussit.
252 1090 301 1144 14.
321 1084 395 1146 Acie
419 1085 521 1162 triplici
549 1085 675 1144 instituta
702 1095 732 1146 et
759 1085 887 1145 celeriter
914 1101 974 1144 v111
1001 1085 1111 1144 milium

124 1181 224 1242 itinere
237 1183 371 1242 conlecto
385 1184 464 1261 prius
478 1183 516 1242 ad
534 1183 661 1242 hostium
675 1193 768 1245 castra
781 1183 916 1259 pervenit,
932 1200 1028 1258 quam,
1042 1181 1111 1258 quid

122 1289 263 1354 ageretur,
278 1279 418 1340 Germani
439 1282 544 1340 sentire
565 1291 694 1357 possent.
736 1279 795 1352 Qui
813 1281 948 1340 omnibus
967 1281 1053 1340 rebus
1064 1299 1110 1339 su·
1126 1299 1155 1335 10

123 1378 185 1435 bito
197 1379 336 1452 perterriti
351 1389 379 1438 et
393 1379 535 1438 celeritate
549 1380 688 1438 adventus
699 1379 789 1440 nostri
803 1388 831 1437 et
841 1380 970 1440 discessu
984 1396 1111 1442 suorum,

124 1493 219 1550 neque
230 1476 340 1537 consilii
350 1475 475 1536 habendi
485 1496 579 1553 neque
600 1495 680 1534 anna
697 1476 829 1553 capiendi
843 1477 936 1553 spatio
956 1475 1033 1546 dato,
1048 1493 1111 1551 per-

124 1573 281 1642 turbantur,
296 1574 433 1649 copiasne
443 1574 584 1634 adversus
601 1573 716 1634 hostem
730 1573 843 1644 ducere,
858 1591 896 1632 an
909 1582 1002 1633 castra
1013 1573 1111 1634 defen·

125 1670 201 1742 dere,
216 1689 254 1728 an
267 1670 337 1746 luga
350 1671 472 1730 salutem
486 1681 583 1748 petere
596 1681 761 1748 praestaret.
803 1669 938 1742 Quorum
949 1671 1034 1732 timor
1045 1689 1111 1732 cum

124 1769 239 1827 fremitu
259 1777 287 1826 et
308 1787 451 1828 concursu
470 1770 685 1846 significaretur,
699 1769 803 1830 milites
822 1769 912 1828 nostri
929 1769 1039 1845 pristini
1056 1769 1112 1830 diei
1128 1789 1155 1836 15

124 1866 244 1942 perfidia
257 1866 365 1925 incitati
378 1867 409 1924 in
428 1876 521 1926 castra
533 1867 702 1942 irruperunt.
745 1865 814 1938 Quo
832 1866 899 1925 loco
919 1867 968 1942 qui
986 1867 1113 1928 celeriter

124 1981 205 2022 arma
215 1981 319 2038 capere
329 1973 492 2039 potuerunt,
503 1965 648 2040 paulisper
658 1964 763 2024 nostris
773 1965 935 2024 restiterunt
945 1974 1031 2040 atque
1040 1966 1113 2024 inter

123 2078 223 2120 carros
231 2061 492 2140 impedimentaque
500 2063 642 2138 proelium
652 2063 868 2122 commiserunt:
884 2071 913 2120 at
920 2063 1030 2138 reliqua
1039 2064 1112 2122 mul-

124 2159 218 2218 titudo
231 2176 386 2235 puerorum
400 2161 607 2236 mulierumque
623 2161 703 2234 (nam
717 2178 785 2218 cum
804 2161 939 2220 omnibus
953 2161 1012 2219 suis
1023 2160 1112 2219 domo

125 2265 308 2316 excesserant
319 2255 510 2334 Rhenumque
521 2257 702 2330 transierant)
715 2257 823 2333 passim
834 2256 934 2332 lugere
945 2257 1040 2333 coepit
1047 2277 1056 2331 ;
1076 2260 1113 2317 ad
1127 2276 1157 2310 ro

126 2372 200 2430 quos
222 2354 435 2413 consectandos
457 2354 567 2413 Caesar
594 2355 751 2429 equitatum
779 2354 864 2414 misit.
904 2361 953 2415 15.
975 2353 1112 2414 Germani

124 2461 194 2528 post
206 2462 318 2526 tergum
329 2448 455 2512 clamore
468 2453 576 2522 auditu,
588 2471 654 2512 cum
669 2470 737 2512 suos
750 2451 868 2512 interfici
879 2453 1015 2525 viderent,
1027 2455 1113 2512 armis

125 2549 245 2608 abiectis
263 2549 410 2626 signisque
429 2550 595 2608 militaribus
615 2550 719 2608 relictis
738 2568 770 2610 se
788 2568 825 2608 ex
844 2550 942 2610 castris
960 2551 1112 2624 eiecerunt,

125 2659 155 2707 et
170 2649 288 2707 eumad
303 2647 498 2706 confluentem
513 2647 615 2708 Mosae
629 2658 658 2708 et
677 2648 774 2709 Rheni
787 2649 990 2725 pervenissent,
1005 2651 1113 2727 reliqua

125 2745 196 2822 fuga
210 2746 360 2822 desperata
373 2762 482 2820 magno
499 2763 621 2804 numero
635 2745 783 2806 interfecto
797 2746 898 2822 reliqui
917 2766 949 2806 se
962 2747 992 2806 in
1006 2747 1113 2806 flumen
1128 2761 1156 2810 25

125 2845 385 2922 praecipitaverunt
412 2854 498 2920 atque
525 2845 564 2902 ibi
591 2845 703 2916 timore,
730 2845 906 2917 lassitudine,
933 2847 960 2904 vi
988 2845 1113 2906 fluminis

125 2942 258 3018 oppressi
274 2941 426 3017 perierunt
467 2940 566 3000 Nostri
585 2941 622 3000 ad
640 2960 730 3000 unum
749 2961 852 3001 omnes
871 2943 1029 3002 incolumes
1048 2961 1113 3018 per-

124 3037 227 3115 paucis
241 3035 393 3092 vulneratis
407 3053 443 3094 ex
457 3036 528 3093 tanti
546 3036 611 3094 belli
624 3035 734 3106 timore,
749 3054 816 3094 curn
834 3035 960 3095 hostium
976 3053 1112 3096 numerus

125 3135 254 3210 capitum
278 3148 416 3190 ccccxxx
439 3133 550 3192 milium
574 3133 682 3205 lrdsset,
708 3152 740 3192 se
767 3135 798 3191 in
820 3143 912 3192 castra
935 3143 1111 3207 receperunt.

125 3233 236 3291 Caesar
255 3230 299 3301 iis,
313 3247 387 3306 quos
406 3230 556 3289 incastris
576 3232 737 3302 retinuerat,
753 3230 919 3289 discedendi
940 3239 1111 3305 potestatem
1126 3247 1157 3295 30

124 3329 201 3389 fecit.
244 3326 287 3385 Illi
315 3328 455 3404 supplicia
482 3329 679 3404 cruciatusque
704 3327 853 3386 Gallorum
877 3327 965 3397 veriti,
990 3344 1113 3402 quorum

125 3443 214 3502 agros
240 3435 419 3495 vexaverant,
443 3444 593 3484 remanere
617 3444 648 3484 se
673 3427 752 3504 apud
779 3443 846 3486 eum
873 3425 944 3484 velle
972 3424 1112 3487 dixerunt.

127 3525 185 3584 His
200 3524 308 3584 Caesar
320 3523 480 3583 libertatem
494 3526 643 3586 concessit.
