2634 3914
174 193 232 242 122
494 189 523 243 0.
545 191 639 239 IULII
660 190 834 240 CAESARIS
1021 235 1025 244 ,
1114 187 1148 236 Vl

169 340 200 398 in
226 339 375 399 latrocinio
403 350 452 400 aut
479 341 574 418 aliqua
602 361 680 400 noxa
708 342 765 400 sint
798 338 1007 416 comprehensi,
1035 337 1160 414 gratiora

170 437 214 494 dis
241 439 449 497 immortalibus
477 459 541 498 esse
569 441 739 498 arbitrantur
746 458 755 512 ;
784 427 840 498 ¹sed
863 457 931 498 cum
958 438 1019 496 eius
1046 436 1159 512 generis

170 536 255 610 copia
279 536 391 608 defecit,
412 539 498 595 etiam
523 537 560 595 ad
584 537 782 595 innocentium
806 535 946 612 supplicia
971 534 1159 593 descendunt·

164 639 216 694 117.
237 633 334 692 Deum
358 636 483 694 maxime
506 633 682 693 Mercurium
705 635 817 693 colunt:
843 633 927 692 huius
950 643 1018 692 sunt
1039 632 1160 708 plurima

141 731 337 804 5simulacra;
365 733 443 792 hunc
467 733 597 792 omnium
621 733 801 791 inventorem
828 733 930 790 artium
954 731 1056 801 ferunt,
1082 730 1161 788 hunc

171 833 280 890 viarum
305 842 392 909 atque
415 833 558 894 itinerum.
571 832 685 903 ducem,
705 831 783 890 hunc
797 831 835 890 ad
859 839 996 908 quaestus
1019 830 1161 906 pecuniae

170 940 403 1006 mercaturasque
437 930 543 988 habere
577 931 635 987 vim
669 931 826 988 maximam
860 929 1038 988 arbitrantur.
1090 927 1162 985 Post

170 1027 248 1086 hunc
274 1027 441 1103 Apollinem
468 1037 496 1086 et
524 1027 648 1085 Martem
675 1036 704 1086 et
728 1027 829 1086 Iovem
849 1036 878 1088 et
902 1026 1072 1084 Minervam.
1113 1023 1160 1084 De

171 1124 215 1182 his
236 1125 360 1183 eandem
378 1124 445 1195 fere,
467 1143 555 1201 quam
577 1126 701 1201 reliquae
719 1135 831 1200 gentes,
847 1124 955 1182 habent
974 1125 1160 1200 opinionem:

129 1234 158 1270 10
170 1222 335 1298 Apollinem
349 1224 468 1280 morbos
483 1223 634 1298 depellere,
645 1222 807 1280 Minervam
822 1240 943 1298 operum
957 1233 1043 1299 atque
1057 1221 1161 1278 artific-

170 1321 264 1378 iorum
296 1321 375 1378 initia
402 1320 522 1392 tradere,
551 1320 652 1377 Iovem
679 1320 830 1395 imperium
857 1321 1021 1378 caelestium
1053 1328 1159 1387 tenere,

171 1417 296 1476 Martem
309 1417 384 1475 bella
398 1436 506 1492 regere.
548 1416 635 1487 Huic,
650 1435 717 1474 cum
731 1417 840 1493 proelio
854 1417 989 1475 dimicare
1003 1418 1160 1475 constitue·

171 1525 245 1587 runt,
269 1534 313 1587 ea,
337 1533 412 1590 quae
439 1515 515 1573 bello
543 1515 679 1590 ceperint,
707 1514 877 1590 plemmque
904 1514 1062 1573 devovent:
1094 1533 1161 1573 cum

172 1624 384 1689 superavemnt,
409 1613 542 1671 animalia
566 1622 650 1686 capta
676 1612 827 1670 immolant
854 1613 1033 1688 reliquasque
1057 1630 1103 1670 res
1130 1613 1161 1670 in

130 1713 157 1764 ¹5
171 1729 262 1768 unum
280 1711 377 1768 locum
396 1711 555 1769 conferunt.
598 1709 697 1768 Multis
716 1710 746 1767 in
766 1710 926 1770 civitatibus
944 1711 1046 1769 harum
1065 1729 1161 1768 rerum

172 1816 333 1866 exstructos
352 1807 479 1864 tumulos
498 1807 570 1865 locis
584 1807 758 1864 consecratis
779 1807 940 1882 conspicari
958 1807 1040 1877 licet;
1066 1825 1161 1884 neque

172 1923 259 1980 saepe
273 1905 384 1976 accidit,
404 1915 436 1963 ut
453 1904 585 1979 neglecta
601 1905 745 1981 quispiam
764 1904 903 1979 religione
922 1914 971 1962 aut
986 1915 1069 1980 capta
1083 1907 1161 1981 apud

173 2021 204 2065 se
219 2003 362 2061 occultare
381 2011 430 2061 aut
443 2003 538 2078 posita
551 2002 649 2060 tollere
667 2003 791 2072 auderet,
806 2003 1061 2080 gravissimumque
1076 2004 1102 2060 ei
1120 2005 1162 2062 rei

126 2161 129 2170 ,
172 2101 344 2178 supplicium
359 2119 425 2158 cum
440 2101 567 2159 cruciatu
581 2100 769 2160 constitutum
784 2109 836 2158 est.
871 2105 919 2158 18.
942 2099 1017 2159 Galli
1031 2119 1062 2158 se
1076 2119 1161 2160 omn·

127 2223 159 2258 20
172 2219 203 2258 es
226 2201 263 2257 ab
285 2198 353 2256 Dite
376 2208 456 2274 patre
477 2209 635 2274 prognatos
657 2198 824 2273 praedicant
843 2197 931 2273 idque
951 2199 989 2256 ab
1013 2198 1161 2258 druidibus

172 2299 316 2375 proditum
345 2297 452 2355 dicunt.
495 2296 543 2356 Ob
568 2313 633 2352 eam
653 2312 771 2354 causam
795 2295 886 2370 spatia
906 2297 1002 2354 omnis
1022 2297 1162 2373 temporis

172 2414 233 2454 non
253 2411 374 2452 numero
402 2395 522 2463 diemm,
544 2393 596 2451 sed
617 2393 745 2452 noctium
765 2392 884 2464 finiunt;
913 2393 974 2452 dies
998 2394 1107 2454 natales
1132 2405 1162 2454 et

172 2493 316 2552 mensium
338 2501 366 2550 et
387 2509 531 2550 annorum
549 2491 628 2548 initia
650 2491 692 2548 sic
713 2491 874 2561 observant,
899 2501 930 2550 ut
954 2502 1071 2550 noctem
1099 2493 1161 2552 dies

173 2591 371 2665 subsequatur.
414 2589 450 2646 In
468 2589 582 2666 reliquis
601 2589 674 2650 vitae
692 2589 826 2647 institutis
840 2588 896 2646 hoc
911 2588 970 2647 fere
989 2591 1026 2647 ab
1046 2591 1162 2666 reliquis

129 2713 159 2764 ²5
174 2688 317 2758 differunt,
332 2687 411 2764 quod
431 2705 498 2746 suos
515 2688 628 2756 liberos
643 2687 698 2744 nisi
712 2705 779 2744 cum
793 2686 988 2758 adoleverunt,
1002 2697 1034 2746 ut
1054 2706 1162 2748 munus

173 2787 288 2844 militiae
310 2785 448 2844 sustinere
468 2785 588 2860 possint,
608 2785 703 2860 palam
724 2784 762 2842 ad
783 2802 814 2842 se
836 2784 914 2842 adire
935 2804 996 2844 non
1017 2788 1162 2862 patiuntur

173 2883 319 2959 filiumque
328 2882 427 2959 puerili
438 2891 530 2940 aetate
544 2883 573 2940 in
586 2883 701 2958 publico
716 2883 745 2939 in
757 2892 917 2956 conspectu
927 2885 1014 2958 patris
1029 2885 1162 2943 assistere

173 2993 255 3057 turpe
277 2981 393 3039 ducunt.
435 2986 483 3038 19.
505 2980 575 3050 Viri,
591 2990 713 3056 quantas
727 2980 865 3054 pecunias
880 2983 917 3040 ab
930 2982 1068 3040 uxoribus
1086 2982 1162 3041 dotis

173 3079 290 3163 nomine
313 3087 484 3154 accepemnt
505 3087 598 3136 tantas
620 3094 655 3136 ex
678 3077 736 3134 suis
756 3077 842 3134 bonis
864 3079 1064 3137 aestimatione
1086 3079 1162 3140 facta

129 3201 160 3251 30
174 3197 240 3238 cum
268 3179 384 3236 dotibus
411 3177 635 3234 communicant.
678 3175 774 3234 Huius
799 3179 893 3236 omnis
921 3179 1061 3252 pecuniae
1089 3196 1161 3236 con·

172 3277 291 3336 iunctim
309 3277 380 3334 ratio
399 3274 519 3332 habetur
536 3274 702 3349 fructusque
721 3287 882 3334 servantur:
903 3285 966 3334 uter
983 3293 1085 3334 eorum
1103 3277 1161 3336 vita

173 3375 324 3450 superavit,
345 3373 382 3430 ad
401 3391 468 3430 eum
489 3389 555 3446 pars
575 3372 721 3446 utriusque
739 3391 805 3431 cum
824 3374 962 3432 fructibus
981 3373 1161 3448 superiorum

174 3482 339 3550 temporum
359 3470 494 3547 pervenit.
536 3469 598 3528 Viri
619 3469 648 3527 in
665 3488 780 3544 uxores,
799 3471 880 3532 sicuti
903 3471 932 3528 in
952 3471 1066 3542 liberos,
1087 3471 1161 3540 vitae
