2652 3928
163 195 256 267 7-9.
359 195 537 272 nrtaarro
561 193 711 252 satureo
735 194 845 243 corum
872 195 948 244 νιιι.
1092 179 1151 260 187

159 361 280 403 ,suorum
314 345 458 421 paucitate
490 346 641 422 prodirent
670 346 704 408 iu
738 348 840 408 aciem.
881 344 1041 421 Singularis
1075 345 1152 408 enim

157 443 270 504 rirtutis
290 445 456 506 veterrimas
475 443 606 520 legiones
625 461 681 515 vn,
696 461 765 514 rur,
776 461 851 510 unu
865 443 998 514 habebat,
1021 460 1151 508 masmae

159 541 223 616 spei
245 541 430 617 delectaeque
452 540 607 606 iuventutis
631 558 674 613 rrr,
698 559 774 618 quae
794 551 902 606 octavo
926 542 984 602 iam
1007 539 1151 618 stipendio

157 647 258 704 tamen
279 638 309 702 in
331 639 488 705 ,cellatione
506 639 682 714 reliquarum
703 638 835 702 nondum
855 637 984 704 eandem
1003 637 1151 704 retractis

158 754 195 796 ac
222 735 331 798 virtutis
364 747 480 813 ceperat
507 737 686 813 opinionem
730 736 832 810 Itaque
860 736 982 803 consilio
1010 736 1178 800 advocaret

156 835 247 895 rebus
274 834 318 904 iis,
346 852 422 910 quae
450 835 488 898 ad
515 851 547 894 se
572 843 672 902 essent
700 833 821 903 delatae,
847 835 984 898 omnibus
1012 833 1151 909 expositis

159 930 275 988 animos
312 931 501 994 multitudinis
536 931 699 996 >confirmat
752 930 782 991 Si
819 929 893 997 forte
929 930 1029 996 bosus
1066 931 1152 994 trium

159 1027 308 1104 legionum
334 1045 456 1086 numero
481 1037 581 1103 posset
605 1028 707 1096 elicere
731 1028 769 1087 ad
793 1027 999 1101 dimicandum,
1023 1027 1152 1104 agminis
1190 1043 1192 1048 ·

156 1125 293 1194 ¹,ordinem
312 1125 353 1186 ita
374 1127 527 1198 coustituit,
544 1136 580 1192 ut
600 1126 677 1202 legio
699 1125 829 1201 septima,
850 1135 959 1196 octava„
981 1143 1062 1192 nona
1082 1136 1152 1190 ,ante

157 1223 260 1286 omnia
279 1222 353 1283 irent
371 1223 587 1298 impedi-menta,
604 1223 711 1290 deiude
730 1223 862 1288 omnium
878 1223 1152 1298 impedimentorum
1168 1241 1198 1276 ¹⁰

157 1339 277 1402 agmen,
300 1321 382 1397 quod
407 1331 504 1388 umen
532 1321 774 1391 eratmedhore,
801 1329 834 1384 ut
860 1320 892 1380 in
920 1321 1152 1396 expeditionibus

158 1437 226 1484 asse
251 1420 409 1492 censuerit,
433 1430 554 1495 ¹cogeret
572 1419 738 1489 undecim,
759 1435 797 1476 ne
821 1416 937 1482 maists
961 1417 1151 1485 multitudinis

158 1517 274 1594 species
296 1517 426 1576 accidere
444 1518 576 1580 hostibus
593 1525 701 1592 posset,
722 1533 810 1591 quam
828 1515 884 1590 ipsi
905 1515 1151 1590 depoposcissent.

160 1613 230 1678 Hac
243 1614 354 1676 ratione
369 1629 463 1690 paene
478 1614 619 1691 quadrato
633 1613 750 1688 agmine
765 1612 903 1682 instructo
916 1611 947 1676 ia
962 1622 1152 1688 conspectum

159 1709 288 1776 hostium
303 1712 423 1773 celerius
436 1711 575 1787 opinione
589 1729 691 1774 eorum
701 1711 862 1778 exercitum
877 1709 1000 1775 adducit.
1027 1716 1061 1774 θθ
1077 1709 1152 1771 Cum
1168 1726 1197 1776 16

162 1818 282 1885 repente
310 1809 464 1872 instructas
489 1798 618 1872 velutin
642 1808 703 1866 acie
723 1817 807 1868 ¹certo
831 1807 924 1882 gradu
948 1807 1079 1888 legiones
1106 1825 1153 1874 ac·

161 1906 265 1970 cedere
293 1905 369 1966 Galli
396 1907 534 1977 viderent,
562 1923 687 1982 quorum
715 1913 794 1970 eraut
821 1904 859 1962 ad
883 1903 1039 1968 Caesarem
1066 1903 1153 1980 plena

160 2003 285 2070 fiduciae
322 2005 445 2064 consilia
479 2003 597 2080 perlata,
635 2002 692 2066 siue
731 2002 895 2060 certaminis
930 2001 1058 2076 periculo
1089 2003 1151 2068 sire

162 2103 259 2166 subito
287 2103 414 2172 adventu
441 2103 502 2164 sive
530 2099 747 2175 exspectatione
777 2099 870 2163 nostri
904 2097 1018 2156 consili
1051 2101 1151 2174 copias

161 2201 306 2260 instruunt
347 2219 401 2276 pro
449 2199 550 2257 castris
594 2215 649 2266 nee
691 2196 757 2257 loco
797 2195 948 2270 superiore
999 2195 1150 2260 decedunt.
1166 2227 1197 2262 20

161 2297 278 2370 Caesar,
305 2299 360 2366 etsi
387 2298 526 2363 dimicare
545 2303 701 2370 optaverat,
728 2303 827 2358 tamen
855 2293 1013 2360 admiratus
1041 2303 1151 2360 tantam

161 2396 375 2460 multitudinem
409 2394 536 2456 hostium
570 2392 641 2452 valle
675 2391 838 2450 intermissa
869 2393 963 2468 magis
994 2393 1025 2458 in
1058 2393 1151 2454 altitu·

162 2493 260 2560 dinem
283 2495 422 2570 depressa
442 2509 530 2568 quam
552 2491 608 2550 late
629 2500 746 2565 patente
777 2498 872 2552 castra
897 2491 1000 2556 castris
1024 2490 1151 2556 hostium

163 2591 282 2650 conte-rt.
325 2591 410 2651 Haec
448 2591 570 2665 imperat
602 2588 676 2648 vallo
713 2587 821 2662 pedum
854 2603 900 2644 xrr
935 2589 1049 2661 muniri,
1085 2589 1151 2648 lori·

160 2689 257 2752 ¹culam
280 2688 333 2766 pr'o
359 2686 437 2767 (hac)
461 2687 573 2746 ratione
597 2686 660 2750 eius
689 2685 845 2744 altitudinis
871 2685 1063 2759 inaedificari3
1092 2687 1151 2746 fos·
1166 2714 1194 2764 26

162 2804 226 2848 sam
255 2783 400 2862 duplicem
424 2786 533 2862 pedum
551 2783 671 2845 denum
702 2783 824 2858 quinum
857 2783 993 2850 lateribus
1029 2785 1152 2860 deprimi

162 2885 294 2956 directis;
317 2885 401 2948 turris
419 2881 538 2942 excitari
557 2881 672 2946 crebras
691 2881 722 2937 in
740 2880 921 2942 altitudinem
940 2881 1024 2944 trium
1042 2881 1152 2943 tabula·
1240 2919 1242 2924 -

160 2992 266 3054 torum,
293 2981 431 3057 pontibus
458 2979 584 3042 traiectis
612 2978 823 3053 constratisque
852 2979 998 3053 coniungi,
1028 2997 1151 3056 quorum

160 3078 271 3142 frontes
290 3077 415 3141 viminea
432 3077 551 3137 loricula
568 3076 763 3140 munirentur:
791 3085 822 3134 ut
842 3075 878 3134 ab
895 3075 1026 3140 hostibus
1046 3077 1151 3152 duplici

161 3178 249 3248 fossa,
266 3176 372 3251 duplici
391 3183 639 3251 propugnatorum
658 3173 760 3232 ordine
778 3172 1006 3244 defenderentur,
1026 3192 1150 3248 quorum
1165 3199 1196 3248 30

161 3276 232 3336 alter
249 3293 285 3332 ex
307 3275 452 3350 pontibus,
474 3290 534 3348 quo
555 3272 641 3333 tutior
661 3270 809 3331 altitudine
827 3280 915 3340 esset,
935 3269 993 3336 hoc
1014 3271 1151 3332 audacius

161 3373 335 3447 long-iusque
349 3371 525 3446 permitteret
537 3369 603 3440 tela,
621 3367 699 3438 alter,
719 3368 769 3443 qui
783 3367 901 3442 propior
914 3367 1029 3432 hostem
1042 3369 1072 3426 in
1086 3371 1150 3452 ipso

161 3469 236 3530 vallo
256 3469 414 3528 collocatus
436 3476 518 3538 esset,
541 3475 630 3542 ponte
651 3467 688 3524 ab
709 3465 900 3526 incidentibus
922 3465 984 3532 telis
1001 3476 1149 3542 tegeretur,
