2634 3914
181 189 242 239 120
504 187 533 236 C.
556 187 649 235 1qu
669 185 841 235 CAESARIS
1033 218 1036 226 „
1122 184 1166 232 Vl.

177 335 296 395 habetur
316 337 391 408 loco,
411 355 486 414 quae
504 337 573 394 nihil
592 337 678 395 audet
698 355 750 413 per
770 355 810 407 se,
829 335 908 394 nullo
928 335 1077 394 adhibetur
1098 351 1167 392 con-

179 437 250 495 silio.
292 435 432 510 Plerique,
443 453 511 493 cum
525 445 574 493 aut
587 454 652 493 aere
666 435 761 493 alieno
776 443 825 492 aut
838 433 1036 509 magnitudine
1050 433 1168 490 tributo-

177 553 242 592 rum
262 544 311 592 aut
331 534 433 590 iniuria
453 533 646 609 potentiorum
667 542 843 609 premuntur,
865 549 928 590 sese
952 532 983 588 in
1004 530 1168 589 servitutem

178 632 274 689 dicant
301 631 453 688 nobilibus.
496 631 532 689 In
559 629 614 689 hos
642 629 745 688 eadem
772 630 871 688 omnia
899 638 965 687 sunt
995 629 1064 698 iura,
1093 645 1168 704 quae

152 729 304 786 5dominis
328 729 359 784 in
383 745 489 786 servos.
532 727 590 786 Sed
614 729 651 786 de
672 727 717 786 his
738 727 852 785 duobus
873 727 1027 801 generibus
1048 725 1168 783 alterurn

178 835 222 884 est
243 825 384 895 druidum,
407 825 526 883 alterum
547 825 683 902 equitum
726 825 771 883 Illi
790 825 876 882 rebus
896 824 998 881 divinis
1018 825 1168 893 intersunt,

178 924 317 982 sacrificia
336 923 451 998 publica
475 942 509 982 ac
529 924 639 998 privata
658 932 821 1000 procurant,
843 923 994 998 religiones
1018 922 1167 996 interpret-

178 1030 278 1078 antur:
307 1021 344 1078 ad
369 1039 419 1079 eos
443 1039 566 1096 magnus
588 1021 814 1080 adulescentium
838 1038 975 1078 numerus
1001 1019 1167 1095 disciplinae

178 1137 265 1176 causa
280 1120 430 1189 concurrit,
444 1136 611 1195 magnoque
628 1119 659 1176 hi
679 1129 747 1177 sunt
766 1119 844 1194 apud
862 1137 914 1177 eos
927 1118 1047 1177 honore.
1089 1115 1168 1173 Nam

136 1217 236 1274 10fere
252 1217 287 1276 de
301 1217 436 1274 omnibus
451 1217 652 1275 controversiis
666 1218 787 1292 publicis
802 1218 975 1293 privatisque
990 1216 1168 1275 constituunt

178 1323 215 1385 et,
240 1315 263 1372 si
291 1313 372 1390 quod
396 1322 439 1372 est
464 1314 623 1372 admissum
647 1314 767 1385 lacinus,
793 1315 818 1373 si
842 1315 946 1374 caedes
969 1313 1053 1385 sacta,
1079 1314 1102 1372 si
1130 1313 1167 1370 de

177 1412 342 1483 hereditate,
374 1412 411 1470 de
443 1412 549 1469 finibus
580 1413 775 1471 controversia
808 1423 861 1484 est,
891 1413 969 1471 idern
1000 1412 1166 1481 decernunt,

177 1509 305 1586 praemia
333 1527 502 1585 poenasque
530 1510 722 1582 constituunt;
759 1510 783 1568 si
814 1511 863 1586 qui
890 1521 939 1568 aut
965 1510 1091 1586 privatus
1119 1520 1167 1566 aut

177 1607 303 1682 populus
331 1625 432 1665 eorum
464 1607 580 1665 decreto
609 1625 670 1664 non
699 1607 782 1678 stetit,
811 1607 957 1665 sacrificiis
987 1606 1166 1664 interdicunt.

136 1719 165 1771 15
179 1703 262 1762 Hace
281 1721 377 1780 poena
395 1706 472 1780 apud
491 1723 542 1764 eos
562 1715 606 1763 est
626 1705 801 1782 gravissima.
843 1703 958 1777 Quibus
971 1705 1010 1762 ita
1024 1713 1068 1762 est
1081 1704 1167 1761 inter-

178 1801 294 1872 dictum,
314 1801 343 1858 hi
363 1820 484 1861 numero
505 1803 659 1878 impiorum
678 1821 713 1860 ac
732 1803 933 1863 sceleratorum
952 1802 1102 1872 habentur,
1121 1801 1167 1860 his

178 1917 280 1958 omnes
304 1901 456 1970 decedunt,
478 1901 588 1958 aditum
612 1918 834 1977 sermonemque
856 1900 1015 1976 defugiunt,
1036 1918 1074 1958 ne
1098 1900 1167 1976 quid

177 2015 214 2054 ex
240 1999 413 2073 contagione
437 1999 616 2056 incommodi
641 1999 790 2074 accipiant,
814 2017 909 2074 neque
933 1998 978 2056 his
1002 1998 1167 2073 petentibus

176 2094 220 2153 ius
241 2095 368 2156 redditur
389 2115 484 2172 neque
505 2095 599 2154 honos
619 2096 693 2154 ullus
715 2096 953 2154 communicatur.
995 2094 1052 2154 His
1070 2104 1167 2153 autem

135 2193 312 2251 nomnibus
339 2194 487 2252 druidibus
515 2203 628 2270 praeest
654 2211 738 2263 uuus,
767 2194 816 2270 qui
844 2211 988 2252 summam
1015 2193 1088 2250 inter
1115 2210 1167 2250 eos

176 2287 263 2347 habet
290 2291 497 2350 auctoritatem.
540 2290 609 2350 Hoc
636 2301 752 2349 mortuo
782 2301 831 2349 aut
858 2292 882 2350 si
910 2293 960 2368 qui
987 2309 1023 2349 ex
1050 2290 1166 2366 reliquis

176 2387 290 2444 excellit
327 2388 474 2462 dignitate,
509 2388 645 2458 succedit,
680 2397 738 2458 aut,
773 2389 797 2446 si
834 2399 901 2448 sunt
937 2389 1034 2465 plures
1072 2405 1164 2462 pares,

177 2484 314 2560 suffragio
338 2485 480 2556 druidum,
499 2504 709 2562 nonnunquam
733 2487 820 2543 etiam
842 2487 928 2544 armis
949 2488 985 2546 de
1004 2486 1166 2563 principatu

176 2584 362 2641 contendunt.
404 2582 446 2640 Hi
467 2594 545 2641 certo
566 2585 634 2641 anni
658 2594 790 2658 tempore
813 2585 970 2642 infinibus
995 2583 1165 2654 Carnutum,

134 2695 164 2744 ²5
177 2697 251 2756 quae
271 2681 351 2755 regio
371 2681 459 2739 totius
478 2680 588 2740 Galliae
608 2682 705 2739 media
725 2680 852 2753 habetur,
874 2682 1028 2741 considunt
1048 2681 1077 2738 in
1098 2681 1165 2739 loco

176 2787 351 2836 consecrato,
395 2777 463 2836 Huc
477 2796 580 2837 omnes
600 2779 736 2854 undique,
752 2780 801 2856 qui
821 2780 1029 2838 controversias
1048 2779 1164 2853 habent,

175 2877 351 2934 conveniunt
362 2894 520 2952 eorumque
534 2877 657 2934 decretis
671 2876 839 2951 iudiciisque
854 2886 964 2952 parent.
1004 2876 1166 2954 Disciplina

174 2973 205 3030 in
228 2972 375 3031 Britannia
399 2985 512 3049 reperta
535 2983 621 3048 atque
645 2973 713 3031 inde
737 2973 767 3030 in
793 2973 915 3032 Galliam
940 2975 1077 3034 translata
1100 2994 1165 3034 esse

175 3071 360 3144 existimatur,
385 3082 414 3130 et
438 3091 524 3142 nunc,
549 3072 598 3148 qui
623 3072 785 3146 diligentius
809 3091 874 3130 eam
898 3091 960 3130 rem
984 3091 1166 3149 cognoscere

133 3181 166 3228 ³0
175 3170 282 3239 volunt,
307 3170 477 3245 plerumque
505 3169 553 3226 illo
582 3169 711 3227 discendi
735 3187 823 3227 causa
846 3170 1073 3245 proficiscuntur.
1115 3177 1165 3231 14.

175 3264 300 3324 Druides
321 3285 340 3324 a
359 3266 435 3323 bello
456 3267 557 3324 abesse
578 3277 754 3323 consuerunt
773 3285 868 3342 neque
890 3268 995 3325 tributa
1016 3287 1075 3326 una
1096 3287 1169 3327 cum

175 3362 290 3437 reliquis
321 3363 460 3438 pendunt,
492 3364 607 3421 militiae
637 3364 817 3421 vacationem
848 3364 1037 3442 omniumque
1067 3384 1171 3424 rerum

174 3457 282 3518 habent
296 3460 514 3517 immunitatem.
556 3460 660 3520 Tantis
674 3461 787 3520 excitati
802 3463 936 3539 praemiis
951 3472 979 3520 et
994 3482 1045 3522 sua
1059 3475 1173 3540 sponte

1307 226 1311 270 i
