2606 3934
52 247 56 256 '
138 241 273 324 14-16.
385 253 431 302 oa
452 253 560 301 arrio
584 250 733 300 carrrco
757 251 866 301 corun.
887 251 913 300 r.
1100 257 1118 322 9

135 423 210 481 quae
236 403 431 483 polliceantur,
453 403 579 462 facturos
600 401 754 478 intellegat,
775 411 804 460 et
831 401 855 461 si
874 400 983 460 Aeduis
1012 398 1048 460 de
1075 401 1119 459 in-

135 504 220 576 iuriis,
242 521 314 580 quas
335 503 407 580 ipsis
430 503 574 577 sociisque
599 519 699 559 eorum
723 499 876 571 intulerint,
897 499 966 558 item
990 499 1014 558 si
1038 497 1119 558 Allo-

134 603 271 678 brogibus
300 601 484 672 satisfaciant,
508 616 571 658 sese
597 617 664 657 cum
691 599 724 657 iis
748 617 852 676 pacem
876 616 940 657 esse
967 597 1119 658 facturum.

134 698 237 759 Divico
258 700 424 776 respondit:
445 699 490 756 Ita
512 697 663 757 Helvetios
685 697 876 756 amaioribus
894 697 953 755 suis
974 696 1118 755 institutos

134 815 206 869 esse,
230 799 272 856 uti
299 798 416 857 obsides
443 797 581 872 accipere,
603 790 675 855 nonx
692 796 760 854 dare
787 795 969 854 consuerint:
990 795 1051 852 eius
1077 795 1146 861 rei5

133 896 275 972 populum
295 896 463 955 Romanurn
485 913 549 954 esse
569 903 681 953 testem.
722 899 770 952 15.
799 892 869 952 Hoc
887 910 1028 969 responso
1051 893 1118 953 dato

109 994 272 1056 xdiscessit.
313 995 435 1054 Postero
463 993 509 1053 die
536 1003 629 1052 castra
655 1011 692 1052 ex
719 1010 756 1051 eo
779 991 847 1051 loco
867 1001 993 1051 movent.
1036 991 1120 1052 ldem

135 1091 202 1151 facit
226 1091 334 1152 Caesar
355 1093 570 1168 equitatumque
594 1108 713 1150 omnem
741 1089 779 1148 ad
805 1108 959 1149 numerum
986 1100 1120 1170 quattuor

134 1191 252 1263 milium,
274 1209 361 1268 quem
382 1209 418 1249 ex
439 1191 521 1250 omni
541 1189 688 1266 provincia
714 1198 743 1247 et
769 1187 878 1246 Aeduis
904 1196 991 1266 atque
1018 1207 1119 1249 eorum

135 1290 221 1350 sociis
249 1299 384 1349 coactum
411 1289 543 1360 habebat,
571 1287 733 1364 praemittit,
762 1286 812 1362 qui
839 1285 963 1358 videant,
990 1305 1063 1364 quas
1089 1288 1119 1344 in
1135 1312 1164 1348 10

134 1397 230 1463 partes
244 1387 342 1446 hostes
356 1387 409 1446 iter
423 1386 536 1445 faciant.
578 1384 637 1457 Qui
655 1384 786 1460 cupidius
804 1383 992 1442 novissimum
1013 1404 1120 1461 agmen

134 1485 254 1544 insecuti
281 1486 374 1544 alieno
402 1483 468 1543 loco
502 1501 568 1542 cum
598 1483 726 1560 equitatu
752 1481 952 1540 Helvetiorum
978 1484 1120 1559 proelium

97 1625 100 1632 .
136 1584 318 1642 committunt
325 1601 334 1655 ;
357 1591 386 1642 et
402 1581 487 1658 pauci
507 1581 543 1639 de
561 1580 667 1640 nostris
687 1579 803 1639 cadunt.
845 1577 914 1652 Quo
928 1582 1042 1657 proelio
1052 1583 1119 1640 sub-

134 1678 183 1737 lati
211 1679 343 1751 Helvetii,
371 1679 452 1756 quod
479 1677 643 1754 quingentis
668 1677 810 1754 equitibus
832 1684 942 1736 tantam
962 1679 1119 1738 multitudi-

134 1795 203 1836 nem
223 1778 352 1855 equitum
372 1776 565 1854 propulerant,
581 1775 717 1834 audacius
732 1774 885 1834 subsistere
899 1793 1119 1854 nonnumquam
1137 1801 1164 1852 ¹5

134 1883 164 1934 et
184 1875 341 1934 novissimo
369 1875 484 1951 agmine
506 1873 616 1949 proelio
644 1881 759 1932 nostros
787 1872 927 1933 lacessere
955 1887 1119 1952 coeperunt.
1219 1889 1221 1894 ’
1298 1879 1299 1902 ³

135 1972 243 2032 Caesar
263 1991 331 2032 suos
355 1990 373 2030 a
392 1971 502 2048 proelio
521 1971 687 2029 continebat
708 1988 742 2030 ac
760 1972 827 2031 satis
846 1970 970 2031 habebat
990 1973 1020 2032 in
1039 1993 1121 2050 prae-

135 2070 228 2128 sentia
260 2069 374 2128 hostem
411 2067 527 2144 rapinis
562 2067 793 2143 pabulationibus
830 2069 1122 2148 populationibusque

135 2165 297 2243 prohibere.
338 2166 383 2224 Ita
397 2165 458 2224 dies
473 2164 583 2222 circiter
596 2164 762 2240 quindecim
777 2165 829 2223 iter
843 2165 979 2238 fecerunt,
994 2168 1034 2226 uti
1048 2170 1122 2228 inter

134 2265 324 2322 novissimum
338 2262 464 2320 hostium
478 2279 584 2338 agmen
598 2270 627 2319 et
640 2270 771 2320 nostrum
785 2263 910 2339 primum
924 2283 985 2323 non
999 2268 1121 2343 amplius
1136 2289 1167 2325 to

135 2363 231 2440 quinis
263 2369 311 2421 aut
335 2361 413 2420 senis
438 2361 553 2419 milibus
582 2359 739 2420 interesset.
794 2366 842 2420 16.
867 2360 986 2421 Interim
1018 2366 1122 2426 cotidie

136 2459 244 2520 Caesar
257 2458 378 2518 Aeduos
400 2458 583 2528 frumentum,
599 2457 679 2534 quod
692 2467 789 2517 essent
803 2459 918 2535 publice
932 2461 1056 2537 polliciti,
1071 2463 1123 2524 fla·
1151 2537 1154 2542 .

135 2558 235 2634 gitare.
271 2555 348 2615 Nam
358 2566 476 2633 propter
486 2555 602 2631 frigora,
612 2556 692 2632 quod
703 2554 796 2614 Gallia
806 2559 859 2615 sub
871 2561 1122 2634 septentrionibus,

134 2665 166 2714 ut
182 2665 249 2714 ante
270 2655 379 2713 dictum
397 2663 449 2726 est,
463 2655 558 2730 posita
577 2662 628 2724 est,
648 2671 709 2711 non
725 2653 816 2712 modo
837 2654 980 2714 frumenta
998 2657 1028 2716 in
1047 2661 1123 2736 agris

134 2761 247 2812 matura
277 2769 338 2810 non
372 2761 461 2824 erant,
490 2751 543 2810 sed
576 2769 614 2809 ne
647 2751 745 2827 pabuli
772 2751 890 2829 quidem
918 2755 985 2814 satis
1015 2775 1122 2832 magna
1137 2774 1167 2824 25

43 2911 45 2916 ,
136 2852 221 2927 copia
245 2851 432 2924 suppetebat:
455 2867 491 2907 eo
514 2858 610 2908 autern
628 2848 781 2922 frument0,
802 2851 883 2927 quod
899 2851 1017 2910 flumine
1033 2854 1123 2914 Arare

136 2949 255 3006 navibus
278 2947 456 3017 subvexerat,
477 2956 630 3022 propterea
654 2947 750 3006 minus
768 2948 810 3006 uti
826 2958 946 3024 poterat,
969 2952 1048 3028 quod
1071 2952 1124 3011 iter

89 3084 92 3088 -
137 3046 174 3102 ab
194 3045 283 3102 Arare
310 3043 435 3102 Helvetii
456 3054 623 3116 averterant,
651 3047 796 3121 aquibus
825 3047 971 3108 discedere
999 3050 1123 3110 nolebat.

136 3140 223 3199 Diem
250 3158 287 3200 ex
305 3141 360 3199 *die
388 3141 492 3200 ducere
519 3141 629 3201 Aedui:
657 3143 788 3215 conferri,
810 3146 993 3221 comportari,
1022 3148 1124 3207 adesse

136 3238 241 3297 dicere.
282 3237 341 3295 Ubi
362 3256 393 3297 se
414 3239 519 3298 diutius
541 3239 606 3298 duci
628 3240 765 3298 intellexit
786 3251 815 3300 et
835 3242 912 3300 diem
932 3243 1046 3316 instare,
1064 3264 1123 3322 quo
1137 3262 1169 3310 30

137 3339 184 3398 die
199 3337 373 3394 frumentum
394 3337 530 3396 militibus
552 3339 645 3396 metiri
664 3348 818 3416 oporteret,
835 3342 1001 3400 convocatis
1022 3362 1124 3404 eorum

135 3436 321 3514 principibus
347 3453 470 3512 quorum
498 3454 636 3512 magnam
663 3437 778 3512 copiam
806 3439 836 3496 in
863 3439 963 3497 castris
990 3440 1122 3516 habebat,

135 3536 166 3594 in
193 3534 238 3594 his
266 3533 407 3594 Divitiaco
436 3545 464 3595 et
491 3535 587 3608 Lisco,
617 3534 667 3612 qui
694 3553 810 3594 summo
837 3537 1015 3614 magistratui
1042 3560 1123 3618 prae·
1188 3537 1190 3542 ’
