2606 3934
115 255 252 319 41-42.
366 251 412 298 DE
434 250 544 298 BELLO
568 250 718 298 oderico
741 248 849 298 coMM.
873 248 895 295 Ι.
1064 244 1104 312 25

116 398 238 457 militurn
252 399 278 457 ei
291 399 397 474 gratias
412 399 478 474 egit,
490 399 570 474 quod
585 399 621 458 de
636 417 666 458 se
677 398 820 475 optimum
833 395 971 455 iudicium
982 393 1103 462 lecisset,

117 517 205 574 seque
230 516 292 556 esse
320 498 358 556 ad
377 499 486 556 bellum
506 498 665 574 gerendum
685 497 897 574 paratissimam
918 489 1103 552 confirmavit·

116 594 229 654 Deinde
246 596 370 672 reliquae
387 596 516 672 legiones
533 614 600 654 cum
615 596 735 653 tribunis
755 595 877 652 militum
898 601 926 650 et
946 591 1104 666 primorum

117 694 251 752 ordinum
270 696 484 753 centurionibus
502 703 630 769 egerunt,
645 693 686 750 uti
704 691 821 750 Caesari
841 689 1051 749 satisfacerent:
1074 703 1105 744 se

116 809 211 866 neque
231 810 370 868 umquam
390 792 535 850 dubitasse
556 809 650 866 neque
671 790 799 848 timuisse
821 805 915 864 neque
936 787 972 844 de
991 798 1133 848 summas
1157 775 1161 785 '

116 888 183 946 belli
211 907 296 946 suum
322 890 468 960 iudicium,
500 889 552 946 sed
579 888 758 963 imperatoris
792 905 856 946 esse
891 884 1104 943 existimavisse.

115 983 226 1043 Eorum
245 985 438 1045 satisfactione
457 996 576 1060 accepta
595 995 623 1042 et
641 985 740 1042 itinere
758 984 900 1059 exquisito
918 1000 970 1058 per
987 979 1105 1038 Divitia·

117 1099 192 1152 cum,
213 1083 293 1158 quod
315 1101 351 1141 ex
372 1083 433 1141 aliis
454 1083 480 1141 ei
500 1084 658 1140 maximam
679 1081 766 1139 fidem
787 1081 920 1150 habebat,
945 1089 976 1137 ut
996 1078 1106 1136 milium

116 1179 239 1254 amplius
253 1181 460 1256 quinquaginta
474 1181 590 1238 circuitu
607 1181 678 1239 locis
692 1179 797 1255 apertis
808 1179 965 1237 exercitum
980 1178 1105 1247 duceret,

118 1278 154 1335 de
168 1288 268 1353 quarta
281 1278 384 1354 vigilia,
399 1288 430 1336 ut
444 1279 561 1348 dixerat,
573 1277 718 1353 profectus
732 1285 783 1334 est.
827 1275 956 1350 Septimo
972 1275 1026 1345 die,
1038 1291 1105 1332 cum
1121 1287 1151 1322 10

117 1375 169 1432 lter
180 1392 241 1432 non
251 1376 455 1441 intermitteret,
468 1377 505 1434 ab
516 1375 743 1450 exploratoribus
754 1374 856 1432 certior
870 1373 962 1432 factus
976 1382 1028 1443 est,
1042 1371 1105 1428 Ari-

118 1474 201 1532 ovisti
215 1475 314 1550 copias
327 1493 345 1532 a
358 1476 464 1534 nostris
477 1476 591 1533 milibus
605 1492 743 1550 passuum
755 1483 889 1549 quattuor
899 1482 928 1530 et
941 1491 980 1530 xx
994 1471 1105 1528 abesse.

156 1577 208 1630 42.
231 1571 358 1646 Cognito
378 1572 510 1632 Caesaris
529 1573 654 1631 adventu
674 1572 835 1630 Ariovistus
853 1570 964 1645 legatos
984 1569 1106 1627 adeum

117 1667 218 1726 mittit:
244 1668 323 1744 quod
341 1678 426 1727 antea
446 1669 483 1726 de
504 1669 649 1744 colloquio
669 1669 850 1744 postulasset,
872 1667 902 1726 id
922 1685 973 1742 per
993 1683 1024 1724 se
1045 1665 1106 1724 fieri

116 1763 209 1836 licere,
232 1767 370 1841 quoniam
397 1767 517 1842 propius
538 1767 715 1838 accessisset,
737 1784 826 1842 seque
847 1765 876 1824 id
897 1765 959 1824 sine
979 1762 1105 1839 periculo
1121 1779 1150 1830 15

117 1864 209 1922 facere
230 1881 318 1940 posse
338 1865 509 1924 existimare.
552 1865 622 1924 Non
642 1866 750 1941 respuit
769 1864 971 1924 condicionem
999 1861 1106 1920 Caesar

116 1963 232 2038 iamque
251 1980 318 2022 eum
337 1962 374 2020 ad
394 1963 545 2020 sanitatem
559 1963 659 2021 reverti
678 1963 873 2031 arbitrabatur,
888 1979 955 2019 cum
974 1959 1011 2030 id,
1026 1958 1106 2034 quod

117 2069 203 2116 antea
222 2059 331 2134 petenti
351 2060 531 2134 denegasset,
553 2060 627 2116 ultro
648 2060 835 2134 polliceretur,
856 2075 1051 2133 magnamque
1075 2056 1106 2114 in

116 2173 200 2232 spem
222 2155 362 2226 veniebat,
385 2174 439 2231 pro
462 2157 521 2215 suis
543 2157 629 2215 tantis
653 2156 810 2231 populique
833 2154 960 2212 Romani
981 2155 1012 2211 in
1039 2171 1106 2212 eum

116 2253 264 2312 beneficiis
278 2255 401 2329 cognitis
422 2256 483 2314 suis
499 2255 649 2330 postulatis
668 2255 738 2324 fore,
759 2254 801 2312 uti
824 2252 981 2330 pertinacia
1005 2253 1104 2312 desist-
1120 2281 1151 2316 ro

116 2361 184 2410 eret.
225 2349 297 2410 Dies
316 2352 461 2428 colloquio
481 2353 573 2411 dictus
590 2363 632 2410 est
651 2370 687 2410 ex
706 2369 742 2410 eo
761 2352 807 2410 die
821 2350 944 2427 quintus.
986 2349 1105 2408 Interim

116 2467 204 2526 saepe
217 2449 292 2506 ultro
306 2450 434 2526 citroque
448 2468 514 2507 curn
528 2450 614 2526 legati
627 2451 765 2508 intereos
779 2449 964 2520 mitterentur,
979 2447 1105 2507 Ariovis-

115 2556 162 2604 tus
176 2545 337 2620 postulavit,
353 2564 390 2602 ne
405 2564 491 2622 quem
510 2548 635 2622 peditem
648 2546 686 2604 ad
699 2546 875 2622 colloquium
894 2544 1002 2604 Caesar
1014 2546 1106 2604 addu-

116 2652 208 2702 ceret:
237 2643 326 2700 vereri
353 2660 394 2712 se,
422 2661 459 2702 ne
487 2661 538 2719 per
564 2644 681 2702 insidias
709 2645 746 2701 ab
774 2661 810 2701 eo
838 2643 1104 2703 circumveniretur:

115 2749 237 2815 uterque
265 2757 331 2798 cum
359 2740 487 2816 equitatu
509 2742 617 2799 veniret
624 2760 631 2812 ;
660 2742 716 2799 alia
735 2742 851 2799 ratione
867 2759 930 2800 sese
957 2758 1019 2800 non
1040 2759 1104 2800 esse
1119 2759 1148 2809 25

115 2846 276 2896 venturum.
319 2834 434 2908 Caesar,
449 2839 528 2913 quod
542 2855 636 2912 neque
650 2839 827 2914 colloquium
841 2839 1008 2913 interposita
1017 2857 1105 2898 causa

115 2934 177 2992 tolli
189 2935 304 2992 volebat
318 2951 412 3010 neque
426 2935 547 2994 salutem
561 2953 643 2992 suam
658 2935 808 2994 Gallorum
822 2936 959 3012 equitatui
973 2937 1104 2995 commit-

116 3041 177 3090 tere
200 3032 332 3102 audebat,
356 3033 624 3091 commodissimum
651 3051 715 3092 esse
740 3034 837 3092 statuit
860 3035 995 3092 omnibus
1022 3034 1104 3108 equis

118 3125 210 3186 Gallis
228 3129 369 3204 equitibus
388 3129 522 3188 detractis
541 3148 577 3188 eo
594 3131 768 3206 legionarios
788 3131 892 3190 milites
912 3131 1033 3208 legionis
1054 3133 1105 3190 de·
1188 3203 1202 3214 ὓ

117 3225 220 3295 cimae,
245 3226 291 3282 cui
317 3244 405 3302 quarn
432 3228 557 3286 maxime
584 3229 757 3298 confidebat,
782 3229 939 3305 imponere,
963 3238 995 3286 ut
1022 3247 1104 3304 prae·
1118 3253 1148 3302 30

116 3323 225 3382 sidium
247 3341 334 3398 quarn
351 3326 563 3398 amicissimum,
584 3326 696 3402 siquid
717 3345 792 3404 opus
813 3327 890 3385 facto
913 3336 996 3397 esset,
1015 3325 1103 3385 habe·

115 3430 168 3479 ret.
211 3420 302 3492 Quod
322 3440 388 3480 cum
409 3423 496 3494 lieret,
517 3443 578 3483 non
602 3425 742 3484 irridicule
765 3424 883 3501 quidam
907 3442 943 3482 ex
969 3424 1104 3484 militibus

116 3517 248 3594 decimae
261 3517 383 3594 legionis
402 3521 489 3579 dixit:
509 3521 677 3598 plusquam
695 3522 836 3598 pollicitus
851 3531 934 3594 esset,
949 3521 1104 3582 Caesarem
1142 3584 1144 3588 ,
