2634 3914
197 183 257 226 100
522 181 550 228 Ο.
574 179 666 228 IULII
687 178 860 227 CAESARIS
1155 177 1187 225 V.

194 327 316 402 quisque
341 345 442 387 eorum
467 328 615 387 carissima
638 328 765 399 haberet,
791 328 828 385 ab
852 325 1068 402 impedimentis
1090 334 1188 402 petere

195 434 282 501 atque
303 426 427 500 arripere
451 435 626 501 properaret,
649 427 774 484 clamore
799 434 827 483 et
847 425 917 482 fletu
941 425 1039 482 omnia
1060 423 1188 498 comple-

194 531 300 581 rentur.
343 527 394 582 34
417 522 457 580 At
473 523 602 582 barbaris
616 523 770 582 consilium
784 539 847 580 non
864 521 961 580 deluit.
1003 519 1082 578 Nam
1099 520 1189 578 duces

195 636 296 676 eorum
324 627 386 678 tota
413 620 474 678 acie
502 622 687 696 pronuntiare
715 621 869 691 iusserunt,
897 637 935 676 ne
963 619 1028 695 quis
1056 619 1094 676 ab
1121 616 1189 676 loco

169 716 374 784 5discederet:
413 717 527 776 illorum
561 735 625 778 esse
659 719 799 795 praedam
832 727 919 792 atque
953 715 1008 774 illis
1042 715 1188 784 reservari,

196 833 395 892 quaecumque
418 814 545 874 Romani
568 817 765 893 reliquissent:
794 815 917 892 proinde
941 815 1041 873 omnia
1064 815 1095 871 in
1117 815 1189 873 vict·

195 913 257 970 oria
290 913 386 988 posita
419 913 624 974 existimarent.
679 913 769 971 Erant
804 922 832 971 et
866 913 968 996 ¹virtute
1003 921 1031 970 et
1065 929 1189 968 numero

195 1009 355 1086 pugnando
386 1027 469 1086 pares
500 1011 610 1084 nostri;
645 1011 759 1070 tametsi
789 1011 826 1068 ab
859 1010 933 1068 duce
964 1018 993 1068 et
1024 1028 1042 1068 a
1073 1008 1190 1068 fortuna

196 1107 407 1179 deserebantur,
422 1117 520 1166 tamen
535 1127 653 1167 omnem
668 1127 752 1185 spem
766 1108 865 1167 salutis
880 1109 911 1165 in
924 1107 1026 1166 virtute
1040 1109 1190 1183 ponebant

155 1225 184 1260 ιο
196 1215 225 1263 et
238 1205 373 1280 quotiens
391 1223 524 1282 quaeque
539 1207 644 1266 cohors
658 1216 846 1283 procurrerat,
861 1207 898 1264 ab
915 1224 950 1264 ea
966 1215 1047 1281 parte
1064 1223 1189 1281 magnus

195 1322 332 1362 numerus
356 1303 483 1362 hostium
504 1305 634 1362 cadebat.
677 1304 796 1376 Quare
817 1304 1017 1363 animadversa
1036 1303 1189 1362 Ambiorix

195 1401 374 1476 pronuntiari
408 1401 494 1468 iubet,
526 1411 557 1459 ut
588 1402 689 1478 procul
720 1402 777 1460 tela
807 1401 951 1460 coniciant
981 1419 1039 1459 neu
1069 1401 1189 1476 propius

195 1498 335 1557 accedant
363 1507 400 1569 et,
429 1517 518 1576 quam
545 1500 575 1557 in
602 1510 714 1576 partem
742 1499 869 1558 Romani
896 1500 1036 1573 impetum
1060 1498 1188 1569 fecerint,

196 1595 300 1654 cedant
318 1594 443 1674 (levitate
463 1614 609 1655 armorum
628 1608 657 1656 et
675 1597 821 1662 cotidiana
842 1597 1045 1655 exercitatione
1067 1596 1137 1654 nihil
1153 1597 1189 1654 iis

155 1714 183 1763 15
197 1694 296 1753 noceri
306 1691 416 1772 posse),
425 1712 523 1754 rursus
534 1713 565 1754 se
576 1695 614 1754 ad
625 1697 709 1771 signa
718 1695 887 1770 recipientes
900 1695 1095 1772 insequantur.
1137 1700 1188 1754 35.

198 1790 267 1862 Quo
282 1801 438 1868 praecepto
452 1793 489 1850 ab
502 1793 536 1850 iis
551 1793 767 1869 diligentissime
781 1794 942 1863 observat0,
954 1811 1021 1850 cum
1036 1793 1190 1868 quaepiam

197 1887 303 1947 cohors
327 1907 363 1946 ex
391 1889 461 1947 orbe
485 1900 647 1949 excesserat
672 1901 758 1966 atque
785 1891 927 1966 impetum
952 1885 1066 1960 fecerat,
1090 1889 1189 1948 hostes

197 1986 376 2044 velocissime
390 1985 578 2061 refugiebant.
620 1987 740 2046 Interim
750 2005 815 2045 eam
829 1997 942 2062 partem
953 1987 1055 2045 nudari
1069 2005 1189 2046 necesse

197 2092 257 2141 erat
277 2092 313 2146 et,
327 2083 364 2141 ab
385 2083 471 2143 latere
492 2095 594 2161 aperto
614 2087 671 2145 tela
694 2086 791 2162 recipi.
834 2085 954 2156 Rursus,
976 2104 1043 2144 cum
1066 2085 1097 2142 in
1122 2103 1190 2143 eum

155 2198 185 2234 20
197 2183 302 2251 locum,
324 2181 402 2239 unde
423 2193 504 2240 erant
525 2185 641 2260 egressi,
660 2184 762 2242 reverti
783 2193 947 2260 coeperant,
969 2192 998 2241 et
1019 2184 1056 2240 ab
1077 2183 1120 2254 iis,
1140 2185 1191 2260 qui

198 2289 351 2349 cesserant,
366 2289 395 2337 et
408 2281 445 2338 ab
459 2281 502 2352 iis,
516 2283 565 2358 qui
579 2283 703 2358 proximi
718 2291 863 2353 steterant,
878 2282 1190 2356 circumveniebantur;

198 2377 242 2434 sin
263 2385 360 2434 autem
380 2377 478 2436 locum
498 2388 595 2438 tenere
616 2381 727 2452 vellent,
750 2399 805 2439 nec
825 2380 920 2437 virtuti
943 2380 1026 2438 locus
1046 2379 1191 2456 relinque·

197 2475 288 2544 batur,
317 2491 412 2549 neque
443 2476 480 2533 ab
510 2485 590 2535 tanta
617 2478 798 2535 multitudine
826 2477 957 2535 coniecta
984 2476 1041 2534 tela
1068 2476 1192 2536 conferti

197 2572 285 2628 vitare
306 2581 447 2646 poterant.
490 2573 605 2633 Tamen
625 2584 668 2633 tot
692 2575 887 2634 incommodis
909 2573 1071 2644 conflictati,
1093 2575 1192 2634 multis

155 2686 184 2736 25
198 2669 361 2728 vulneribus
389 2672 515 2747 acceptis
543 2674 716 2732 resistebant
743 2683 771 2733 et
795 2691 903 2749 magna
929 2682 1011 2748 parta
1039 2673 1095 2730 diei
1120 2690 1192 2731 con·

198 2776 322 2842 sumpta,
344 2786 412 2826 cum
432 2787 450 2826 a
470 2771 563 2846 prima
583 2771 646 2829 luce
667 2771 705 2830 ad
728 2771 832 2830 horam
853 2780 985 2829 octavam
1005 2781 1192 2846 pugnaretur,

197 2864 275 2935 nihil,
293 2866 374 2940 quod
392 2866 462 2942 ipsis
480 2877 556 2926 esset
572 2868 731 2944 indignum,
750 2869 976 2928 committebant.
1019 2867 1099 2925 Tum
1121 2868 1192 2928 Tito

197 2962 355 3034 Balventi0,
377 2965 427 3040 qui
451 2967 598 3041 superiore
619 2985 697 3026 anno
717 2968 844 3044 primum
864 2966 955 3042 pilum
979 2965 1108 3036 duxerat,
1128 2966 1192 3026 viro

197 3060 263 3119 sorti
279 3070 308 3119 et
316 3079 441 3137 magnae
456 3065 640 3136 auctoritatis,
649 3074 802 3142 utrumque
813 3065 907 3122 femur
921 3065 1032 3140 tragula
1043 3065 1191 3137 traicitur3

156 3179 188 3228 30
199 3157 325 3230 Quintus
360 3158 515 3233 Lucanius‚
546 3163 676 3221 eiusdem
709 3163 826 3234 ordinis
857 3162 1011 3220 fortissime
1045 3179 1191 3237 pugnans,

198 3257 268 3314 dum
292 3257 488 3318 circumvento
509 3260 567 3318 filio
596 3261 736 3331 subvenit,
758 3260 940 3332 interficitur;
969 3259 1078 3318 Lucius
1103 3258 1193 3318 Cotta

197 3355 309 3429 legatus
332 3370 435 3414 omnes
457 3358 590 3417 cohortes
612 3359 785 3434 ordinesque
810 3358 966 3416 adhortans
986 3359 1018 3415 in
1038 3358 1192 3416 adversum

199 3468 233 3510 os
266 3449 355 3509 funda
384 3453 553 3516 vulneratur.
596 3462 646 3516 ³6.
669 3457 725 3516 His
759 3457 845 3516 rebus
878 3465 1027 3533 permotus
1062 3454 1191 3528 Quintus
