2604 3914
183 185 226 266 46
506 201 534 250 c.
557 201 650 248 rurrr
673 198 846 249 causaris
1140 203 1182 248 rr.

183 350 214 408 in
241 349 368 427 periculo
397 360 426 410 et
450 359 545 409 castra
568 359 597 409 et
624 351 754 426 legiones
779 359 807 409 et
831 350 987 426 imperator
1011 358 1180 420 versaretur,

184 449 395 524 cognovissent,
430 449 500 506 nihil
534 447 571 507 ad
606 448 780 508 celeritatem
815 449 869 507 sibi
902 449 1004 525 reliqui
1038 447 1180 505 fecerunt.

184 552 234 606 27.
256 546 372 604 Horum
397 547 523 605 adventu
546 557 626 605 tanta
646 565 741 604 rerum
762 548 952 605 commutatio
977 555 1021 604 est
1041 544 1124 614 sacta,
1147 552 1182 602 ut

183 644 273 702 nostri
301 645 387 702 etiam
415 645 465 720 qui
492 645 654 703 vulneribus
682 643 806 703 confecti
833 645 1063 720 procubuissent,
1089 642 1181 700 scutis

154 763 168 812 5
182 742 273 799 innixi
284 742 426 817 proelium
441 742 682 818 redintegrarent3
700 752 761 799 tum
773 742 890 800 calones
901 743 1066 818 perterritos
1076 739 1179 798 hostes

182 839 342 915 conspicati
366 839 452 898 etiam
474 840 597 899 inermes
617 840 733 898 armatis
754 849 947 910 occurrerunt,
968 839 1079 915 equites
1099 855 1179 908 vero,

182 947 213 994 ut
227 936 432 1012 turpitudinem
446 937 533 1014 fugae
549 939 650 996 virtute
668 937 803 1009 delerent,
819 938 955 995 omnibus
972 937 1002 994 in
1017 936 1088 995 locis
1103 953 1178 1011 pug-

182 1044 260 1104 nant,
290 1053 349 1110 quo
377 1054 408 1094 se
432 1036 597 1112 legionariis
624 1036 760 1094 militibus
787 1035 971 1111 praeferrent.
1013 1033 1053 1092 At
1076 1033 1178 1091 hostes

183 1133 270 1190 etiam
293 1133 323 1190 in
348 1144 476 1193 extrema
497 1153 548 1210 spe
573 1134 671 1193 salutis
692 1143 801 1192 tantam
822 1135 954 1214 virtutem
975 1133 1178 1210 praestiterunt

139 1254 169 1290 ιο
182 1241 221 1303 ut,
243 1251 310 1290 cum
330 1233 414 1309 primi
438 1251 539 1291 eorum
561 1233 741 1303 cecidissent,
762 1233 886 1308 proximi
910 1233 1070 1292 iacentibus
1094 1232 1178 1289 insis-

182 1339 281 1402 terent,
302 1341 388 1407 atque
410 1349 447 1389 ex
468 1349 569 1389 eorum
592 1331 761 1406 corporibus
782 1340 962 1406 pugnarent3
990 1329 1034 1388 his
1059 1329 1177 1388 deiectis

182 1444 211 1488 et
235 1430 409 1487 coacervatis
435 1428 629 1498 cadaveribus,
657 1428 706 1504 qui
730 1436 922 1503 superessent,
947 1437 978 1486 ut
1003 1445 1039 1485 ex
1064 1426 1176 1484 tumulo

182 1527 239 1584 tela
259 1527 290 1583 in
308 1535 424 1596 nostros
444 1525 610 1584 conicerent
630 1535 658 1584 et
677 1526 734 1601 pila
753 1525 910 1601 intercepta
929 1525 1122 1583 remitterent:
1145 1533 1178 1582 ut

182 1641 243 1682 non
276 1623 453 1699 nequiquam
485 1631 581 1680 tantae
610 1623 718 1681 virtutis
746 1622 879 1682 homines
911 1622 1029 1680 iudicari
1059 1622 1177 1681 deberet

139 1745 168 1796 15
184 1740 271 1780 ausos
292 1739 356 1780 esse
377 1721 495 1779 transire
516 1720 686 1779 latissimum
707 1721 823 1791 flumen,
846 1721 1002 1779 ascendere
1024 1721 1176 1780 altissimas

183 1821 270 1896 ripas,
286 1819 380 1878 subire
394 1819 605 1895 iniquissimum
619 1819 734 1891 locum;
756 1837 830 1894 quae
845 1819 938 1877 facilia
953 1838 989 1876 ex
1004 1819 1175 1878 difficillimis

183 1918 271 1976 animi
282 1916 452 1992 magnitudo
463 1917 620 1994 redegerat.
673 1924 725 1976 28.
749 1915 817 1976 Hoc
828 1918 938 1995 proelio
949 1917 1027 1975 facto
1042 1927 1070 1975 et
1084 1935 1175 1995 prope

184 2017 222 2076 ad
255 2015 482 2074 internecionem
515 2024 602 2091 gente
634 2033 668 2074 ac
700 2015 818 2073 nomine
853 2013 1026 2072 Nerviorum
1057 2015 1174 2074 redacto

183 2115 307 2173 maiores
325 2123 403 2184 natu,
421 2131 495 2187 quos
513 2132 571 2172 una
589 2131 656 2172 cum
677 2114 772 2189 pueris
790 2112 1013 2188 mulieribusque
1035 2112 1066 2169 in·
1081 2123 1174 2172 aestu·

140 2235 170 2270 20
184 2213 242 2270 aria
256 2231 290 2270 ac
305 2211 424 2288 paludes
436 2212 583 2270 coniectos
598 2211 768 2280 dixeramus,
780 2209 835 2268 hac
846 2227 945 2284 pugna
956 2210 1096 2280 nuntiata,
1109 2229 1175 2268 cum
1263 2261 1265 2266 .

183 2310 338 2368 victoribus
359 2309 429 2366 nihil
452 2309 630 2384 impeditum,
652 2307 732 2366 victis
757 2306 827 2364 nihil
850 2317 943 2365 tutum
966 2309 1173 2378 arbitrarentur,

184 2407 323 2475 omnium,
352 2406 401 2481 qui
433 2413 609 2480 supererant,
639 2421 783 2462 consensu
813 2403 925 2481 legatos
953 2405 991 2463 ad
1019 2404 1174 2464 Caesarem

184 2504 323 2561 miserunt
344 2520 432 2579 seque
452 2503 478 2560 ei
496 2501 666 2560 dediderunt
685 2511 713 2560 et
732 2503 762 2559 in
781 2503 1037 2560 commemoranda
1056 2504 1173 2562 civitatis

185 2601 345 2662 calamitate
374 2619 411 2659 ex
443 2601 585 2659 sexcentis
617 2600 654 2660 ad
685 2611 742 2660 tres
771 2611 927 2670 senatores,
956 2620 991 2659 ex
1022 2601 1173 2661 hominum

140 2721 170 2772 ²5
184 2700 298 2758 milibus
319 2715 359 2755 nx
380 2699 426 2756 vix
447 2699 485 2756 ad
503 2699 686 2775 quingentos,
706 2699 755 2775 qui
775 2718 855 2757 arma
873 2698 945 2757 ferre
965 2709 1093 2774 possent,
1111 2719 1172 2760 sese

184 2797 317 2856 redactos
346 2815 409 2855 esse
438 2797 578 2855 dixerunt.
629 2796 712 2868 Quos
738 2796 853 2867 Caesar,
877 2806 909 2854 ut
936 2797 967 2853 in
990 2797 1112 2856 miseros
1140 2817 1172 2856 ac

184 2894 327 2971 supplices
349 2913 418 2952 usus
438 2894 634 2953 misericordia
652 2895 802 2964 videretur,
823 2895 1039 2970 diligentissime
1058 2913 1171 2953 conser-

184 2995 258 3052 vavit
286 2994 402 3070 suisque
428 2993 533 3052 finibus
563 3002 649 3068 atque
675 2993 791 3068 oppidis
819 2994 859 3050 uti
886 2995 967 3052 iussit
995 3004 1023 3052 et
1048 2994 1171 3054 finitimis

184 3091 341 3169 imperavit,
354 3100 386 3149 ut
400 3091 438 3148 ab
450 3090 551 3148 iniuria
565 3100 594 3148 et
608 3088 748 3148 maleficio
764 3108 795 3148 se
809 3108 936 3166 suosque
950 3091 1145 3167 prohiberent.
1173 3145 1176 3152 .

140 3216 171 3266 30
226 3196 279 3248 29.
300 3188 452 3257 Aduatuci,
469 3188 504 3246 de
527 3188 631 3263 quibus
653 3205 740 3263 supra
756 3189 931 3264 scripsimus,
953 3207 1020 3246 cum
1037 3191 1169 3250 omnibus

185 3287 276 3361 copiis
298 3287 404 3344 auxilio
420 3284 533 3343 Nerviis
547 3285 682 3356 venirent,
697 3285 751 3343 hac
766 3304 865 3361 pugna
879 3286 1007 3344 nuntiata
1021 3305 1057 3345 ex
1072 3288 1168 3347 itinere

185 3382 306 3440 domum
320 3391 511 3453 reverterunt;
534 3383 644 3440 cunctis
659 3383 773 3458 oppidis
787 3382 965 3459 castellisque
980 3385 1099 3443 desertis
1120 3403 1168 3444 sua

186 3479 284 3538 omnia
312 3479 342 3537 in
368 3498 460 3538 unum
488 3479 629 3556 oppidum
657 3481 771 3557 egregie
799 3491 901 3540 natura
931 3481 1074 3540 munitum
1102 3502 1167 3542 con-
