2652 3928
190 275 250 344 172
506 277 537 327 o.
561 279 653 325 rurrr
674 275 848 325 canaram
1116 278 1174 322 vrr.

187 424 317 496 consiliu,
342 425 480 503 quoniam
507 435 620 484 tantum
647 436 723 486 esset
749 426 913 485 necessario
941 423 1065 500 spatium
1094 439 1175 480 corn-

187 523 297 598 plexus,
316 541 371 582 nec
390 523 471 582 facile
492 532 586 582 totum
605 542 711 600 corpus
732 541 843 582 corona
862 522 985 597 militurn
1004 522 1175 596 cingeretur,

187 637 223 678 ne
241 620 277 678 dc
295 619 454 696 improviso
468 630 517 679 aut
529 631 619 680 noctu
633 622 671 680 ad
684 622 861 680 munitiones
879 619 1006 677 hostiurn
1021 616 1175 675 multitudo

187 717 340 789 advolaret,
368 728 418 776 aut
448 717 572 776 interdiu
602 719 659 777 tela
692 719 723 776 in
753 729 870 777 nostros
901 717 983 793 operi
1015 715 1176 774 destinatos

158 815 320 880 5c0nicere
344 824 471 891 possent.
514 813 583 873 Hoc
611 815 775 874 intermisso
801 815 894 891 spatio
922 813 994 872 duas
1019 813 1113 870 fossas
1137 825 1177 868 xv

187 911 277 986 pedes
298 911 378 984 latas,
400 912 503 970 eadem
523 911 672 970 altitudine
692 912 842 987 perduxit3
867 929 989 986 quarum
1009 909 1176 967 interiorem

188 1010 395 1084 campestribus
419 1027 454 1068 ac
482 1009 613 1068 demissis
640 1010 713 1068 locis
741 1027 817 1085 aqua
844 1027 880 1066 ex
904 1007 1022 1066 flumine
1050 1006 1177 1064 derivata

188 1107 350 1183 complevit.
391 1106 461 1165 Post
488 1125 538 1166 eas
565 1125 702 1182 aggerem
730 1125 765 1165 ac
792 1107 897 1164 vallum
925 1124 966 1165 xrr
993 1105 1101 1181 pedum
1126 1122 1176 1162 ex-

188 1205 296 1262 struxit.
337 1203 416 1262 Huic
439 1205 559 1263 loricam
582 1205 745 1282 pinnasque
770 1205 882 1274 adiecit,
904 1203 1062 1279 grandibus
1086 1201 1177 1259 cervis

144 1319 174 1354 10
187 1301 378 1362 eminentibus
416 1302 454 1361 ad
488 1303 693 1361 commissuras
727 1302 891 1378 pluteorum
930 1310 1016 1376 atque
1053 1299 1176 1374 aggeris,

187 1401 237 1476 qui
270 1419 423 1460 ascensum
457 1400 584 1459 hostium
617 1401 772 1471 tardarent,
803 1409 831 1458 et
865 1409 956 1457 turres
991 1405 1053 1456 toto
1087 1413 1177 1470 opere

188 1499 383 1570 circumdedit,
403 1516 477 1574 quae
498 1498 588 1574 pedes
609 1516 685 1558 rxxx
705 1498 778 1556 inter
797 1515 828 1556 se
847 1496 994 1555 distarent.
1036 1499 1085 1554 73.
1106 1491 1178 1549 Erat

187 1597 293 1656 eodem
313 1605 445 1672 tempore
466 1605 495 1654 et
514 1595 657 1654 materiari
682 1605 711 1654 et
731 1595 899 1653 frumentari
920 1603 949 1652 et
968 1600 1062 1650 tantas
1083 1589 1177 1647 muni-

188 1696 282 1754 tiones
303 1695 364 1753 fieri
387 1712 508 1753 neccsse
533 1694 686 1753 deminutis
710 1694 816 1752 nostris
840 1692 940 1768 copiis,
962 1709 1037 1768 quae
1061 1689 1177 1764 longius

145 1812 173 1862 15
189 1794 226 1850 ab
246 1793 346 1851 castris
370 1792 643 1869 progrediebantur3
672 1810 706 1850 ac
727 1809 948 1866 nonnumquam
968 1807 1058 1865 opera
1077 1798 1178 1846 nostra

190 1889 265 1948 Galli
283 1898 423 1966 temptare
442 1899 528 1966 atque
549 1890 730 1965 eruptionem
751 1907 787 1946 ex
807 1888 916 1965 oppido
937 1887 1066 1964 pluribus
1086 1885 1177 1962 portis

189 2006 303 2047 summa
318 1987 346 2045 vi
360 1987 453 2046 facere
469 1989 656 2046 conabantur.
698 1986 797 2058 Quare
818 1985 949 2044 adhaec
969 2002 1066 2042 rursus
1088 2001 1178 2059 opera

189 2086 354 2146 addendum
387 2085 494 2144 Caesar
523 2086 642 2162 putavit,
670 2102 729 2161 quo
761 2085 873 2142 minore
903 2100 1024 2140 numero
1055 2081 1178 2138 militum

189 2185 364 2242 munitiones
388 2183 503 2243 defendi
530 2193 659 2259 possent.
701 2183 803 2259 Itaque
830 2181 937 2239 truncis
964 2182 1099 2238 arborum
1126 2179 1178 2238 ad·

145 2283 311 2342 comodum
338 2281 427 2339 firmis
457 2281 544 2338 ramis
572 2281 691 2339 abscisis
719 2290 804 2356 atque
835 2279 940 2337 horum
971 2278 1116 2337 delibratis
1143 2295 1179 2336 ac

190 2379 351 2457 praeacutis
371 2378 568 2436 cacuminibus
587 2392 742 2453 perpetuae
758 2377 854 2435 fossae
873 2377 977 2452 quinos
996 2375 1086 2451 pedes
1105 2375 1178 2433 altae

191 2478 377 2536 ducebantur.
415 2474 488 2533 Huc
509 2475 548 2532 illi
568 2476 677 2550 stipites
697 2475 814 2533 demissi
832 2483 862 2532 et
880 2475 917 2532 ab
931 2473 1031 2531 infimo
1050 2473 1177 2544 revincti,

190 2594 228 2634 ne
242 2575 337 2633 revelli
354 2583 482 2651 possent,
497 2576 534 2633 ab
548 2574 636 2632 ramis
650 2574 823 2632 eminebant.
866 2571 956 2644 Quini
970 2581 1050 2630 erant
1064 2571 1178 2630 ordines

191 2673 337 2732 coniuncti
358 2673 431 2730 inter
452 2691 484 2731 se
505 2681 591 2748 atquc
613 2671 765 2747 implicati3
794 2689 853 2747 quo
874 2671 924 2746 qui
945 2670 1125 2740 intraverant,
1147 2687 1179 2728 se

145 2790 176 2840 ⁹5
190 2771 244 2847 ipsi
266 2771 436 2829 acutissimis
460 2769 539 2828 vallis
564 2769 730 2827 induebant.
773 2768 840 2826 Hos
862 2768 964 2843 cippos
986 2767 1177 2842 appellabant.

190 2871 267 2928 Ante
299 2887 374 2945 quos
405 2869 528 2944 obliquis
559 2867 708 2944 ordinibus
741 2867 772 2925 in
804 2865 999 2941 quincuncem
1033 2865 1179 2940 dispositis

191 2968 307 3027 scrobes
338 2977 396 3025 tres
430 2967 461 3024 in
492 2965 670 3024 altitudinem
704 2964 795 3041 pedes
825 2963 1008 3022 fodiebantur
1040 2962 1180 3038 paulatim

191 3067 355 3142 angustiore
369 3064 407 3123 ad
426 3063 557 3122 infimum
571 3062 694 3138 fastigio
738 3061 808 3120 Huc
821 3070 924 3119 teretes
943 3060 1052 3136 stipites
1066 3059 1180 3120 feminis

191 3163 378 3221 crassitudine
398 3163 435 3221 ab
457 3178 572 3220 summo
592 3161 739 3236 praeacuti
759 3169 787 3218 et
808 3158 933 3236 praeusti
958 3158 1180 3217 demittebantur

146 3281 178 3331 30
191 3262 238 3330 ita,
262 3270 294 3318 ut
321 3278 382 3318 non
407 3259 529 3335 amplius
557 3258 651 3332 digitis
680 3267 813 3334 quattuor
840 3275 877 3315 ex
904 3267 979 3314 terra
1003 3255 1162 3314 eminerent
1169 3277 1178 3329 3

193 3357 277 3415 simul
305 3356 496 3415 confirmandi
524 3365 552 3414 et
580 3354 741 3412 stabiliendi
766 3373 854 3414 causa
882 3353 986 3430 singuli
1013 3354 1051 3411 ab
1077 3355 1179 3413 infimo

193 3454 256 3512 solo
288 3454 378 3529 pedes
405 3461 480 3510 terra
508 3451 737 3524 exculcabantur,
765 3453 875 3528 reliqua
905 3470 972 3527 pars
1003 3451 1113 3510 scrobis
1141 3453 1180 3511 ad

148 3568 151 3573 ·
192 3551 393 3610 occultandas¹
413 3550 531 3608 insidias
568 3549 720 3632 viminibus
755 3569 789 3610 ac
827 3551 954 3626 virgultis
990 3550 1176 3627 integebatur.
