2652 3928
143 233 309 303 49—53.'‘
389 231 442 278 'DE
464 232 574 280 BELLO
598 225 746 280 GALcho
769 229 879 280 COMM·
907 231 986 284 Vm:
1077 233 1136 302 207

143 381 221 440 enim
240 379 373 440 veniebat
392 381 429 439 ab
450 381 499 439 illo
520 381 670 440 universae
691 379 802 440 Galliae
823 381 910 440 bello.
950 379 1032 438 Nihil
1053 381 1137 440 relin-

143 479 292 554 quebatur,
320 477 400 554 quod
424 478 462 538 ad
487 487 621 538 ornatum
651 487 807 554 portarum,
836 479 979 550 itinerum,
1006 480 1138 538 locorum

143 577 283 646 omnium,
305 595 364 652 qua
385 575 492 636 Caesar
514 577 604 636 iturus
629 586 696 647 erat,
721 577 876 652 excogitari
898 585 1018 652 poterat.
1063 575 1138 634 Cum

142 675 238 733 liberis
259 675 355 734 omnis
374 674 528 736 multitudo
547 674 661 735 obviam
679 674 863 750 procedebat,
877 673 987 732 hostiae
1001 675 1138 732 omnibus

142 771 214 830 locis
233 772 465 845 immolabantur,
484 773 612 832 tricliniis
632 774 725 832 stratis
745 773 809 832 lora
828 773 993 849 templaque
1013 789 1165 849 occupa-5

143 872 254 942 bantur,
269 879 300 928 ut
319 870 363 928 vel
385 871 586 946 spectatissimi
604 871 740 946 triumphi
758 871 864 930 laetitia
883 871 1010 946 praecipi
1028 881 1137 946 posset.

144 967 241 1026 Tanta
262 977 322 1026 erat
340 967 556 1046 magnificentia
576 967 654 1045 apud
672 968 877 1045 opulentiores,
897 968 1039 1044 cupiditas
1060 969 1139 1044 apud

143 1065 321 1126 humiliores.

185 1170 237 1224 52.
260 1161 335 1222 Cum
357 1181 460 1224 omnes
481 1163 616 1240 regiones
637 1163 749 1222 Galliae
771 1173 886 1240 togatae
909 1164 1016 1225 Caesar
1037 1183 1138 1240 pereu-

144 1261 288 1331 currisset,
316 1279 431 1321 summa
464 1261 607 1320 celeritate
635 1262 674 1320 ad
701 1261 858 1319 exercitum
886 1261 1137 1320 Nemetocennam
1154 1277 1183 1312 ro

143 1360 226 1418 rediit
246 1359 465 1436 legionibusque
487 1349 524 1418 ei
545 1360 681 1418 omnibus
703 1359 830 1418 hibernis
854 1360 893 1418 ad
917 1359 989 1418 fines
1015 1359 1138 1418 Trever-

144 1475 227 1516 orum
251 1456 377 1516 evocatis
400 1474 436 1516 eo
459 1455 605 1532 profectus
630 1467 674 1516 est
698 1458 794 1534 ibique
819 1459 977 1515 exercitum
1001 1457 1136 1516 lustravit.

144 1555 181 1612 T.
191 1554 360 1628 ,Labienum
375 1553 486 1613 Galliae
501 1554 638 1630 praefecit
651 1564 776 1630 togatae,
792 1573 850 1631 quo
866 1555 975 1613 maiore
989 1573 1137 1613 commen-

142 1651 475 1730 dationeconciliaretur
489 1653 527 1712 ad
542 1653 708 1712 consulatus
722 1653 900 1729 petitionem.
941 1652 1009 1730 Ipse
1025 1661 1138 1711 tantum

144 1752 277 1810 itinerum
292 1750 423 1821 faciebat,
435 1759 574 1825 quantum
590 1752 658 1810 satis
673 1769 737 1810 esse
751 1752 790 1810 ad
802 1751 993 1809 mutationem
1007 1749 1138 1808 locorum
1153 1768 1180 1818 15

143 1857 263 1925 propter
290 1847 483 1910 salubritatem
512 1849 701 1908 existimabat
758 1848 804 1906 Ibi
831 1865 1008 1924 quamquam
1037 1849 1138 1906 crebro

145 1947 280 2004 audiebat
307 1945 471 2004 Labienum
498 1947 536 2004 ab
564 1947 693 2004 inimicis·
715 1946 773 2004 suis
806 1945 949 2004 sollicitari
978 1945 1138 2022 certiorque

133 2043 230 2104 tiebat
248 2043 278 2101 id
297 2044 344 2119 agi
363 2062 524 2119 paucorum
543 2043 677 2114 consiliis
692 2053 724 2102 ut
744 2043 913 2118 interposita
935 2053 1049 2100 senatus
1070 2061 1138 2102 auc-

143 2141 256 2200 toritate
277 2141 372 2218 aliqua
392 2149 474 2217 parte
495 2141 638 2200 exercitus
659 2141 837 2216 spoliaretur,
858 2150 956 2198 tamen
977 2157 1072 2215 neque
1101 2141 1137 2198 de

143 2238 274 2300 Labieno
303 2239 424 2298 credidit
452 2240 608 2315 quicquam
629 2257 733 2314 neque,
755 2247 855 2297 contra
877 2247 992 2296 senatus
1015 2238 1136 2296 auctori·
1152 2257 1183 2292 πο

143 2344 232 2393 tatem
259 2345 291 2394 ut
318 2337 426 2412 aliquid
452 2336 568 2407 laceret,
597 2335 703 2396 adduci
729 2335 829 2411 potuit
881 2335 1032 2393 Iudicabat
1059 2335 1137 2393 enim

142 2433 240 2492 liberis
261 2435 409 2492 sententiis
430 2443 544 2510 patrum
565 2434 796 2509 conscriptorum
818 2450 935 2491 causam
956 2451 1038 2492 suam
1055 2433 1137 2492 laeile

143 2531 274 2590 obtineri.
327 2531 405 2590 Nam
434 2530 467 2590 C.
498 2531 593 2602 Curio,
622 2533 753 2592 tribunus
780 2531 882 2607 plebis,
910 2548 977 2588 cum
1005 2529 1136 2590 Caesaris

143 2647 261 2687 causam
283 2629 508 2706 dignitatemque
530 2629 743 2689 defendendam
765 2629 947 2704 suscepisset,
968 2647 1055 2705 saepe
1077 2638 1137 2688 erat

143 2727 255 2785 senatui
270 2727 421 2803 pollicitus,
437 2728 461 2785 si
481 2745 568 2802 quem
587 2727 673 2786 timor
692 2745 838 2786 armorum
853 2725 984 2786 Caesaris
1001 2727 1134 2798 laederet,
1150 2743 1178 2794 25

143 2824 281 2899 quoniam
302 2824 424 2900 Pompei
441 2825 600 2885 dominatio
620 2833 706 2900 atque
727 2843 807 2884 arma
825 2844 886 2884 non
907 2827 1060 2884 minimum
1081 2836 1135 2885 ter-

142 2939 239 2980 rorem
253 2921 317 2980 loro
336 2920 483 2994 inferrent,
499 2923 659 2982 discederet
678 2933 798 2999 uterque
817 2925 854 2982 ab
875 2924 962 2984 annis
981 2924 1135 2983 exercitus·

142 3037 200 3095 que
217 3019 387 3079 dimitteret:
410 3019 471 3079 fore
491 3039 527 3078 eo
547 3020 624 3082 lacto
643 3021 762 3079 liberam
782 3031 810 3080 et
830 3022 874 3080 sui
894 3021 961 3080 iuris
983 3022 1132 3080 civitatem

142 3117 247 3192 Neque
265 3116 322 3174 hoc
343 3125 455 3175 tantum
473 3117 616 3194 pollicitus
637 3128 688 3190 est,
704 3119 755 3178 sed
772 3120 858 3178 etiam
873 3137 970 3196 perse
985 3119 1135 3178 discessio-

141 3232 211 3272 nem
246 3213 341 3272 lacere
375 3215 471 3290 coepit
482 3233 490 3286 ;
530 3215 610 3291 quod
643 3234 680 3273 ne
714 3215 795 3275 fieret
826 3216 960 3274 consules
992 3216 1134 3291 amicique
1149 3231 1181 3280 30

140 3299 263 3386 Pompei
291 3312 442 3384 iusserunt,
465 3321 551 3388 atque
573 3313 612 3372 ita
633 3331 695 3373 rem
722 3313 902 3372 moderando
931 3313 1133 3374 discusserunt.

141 3415 194 3468 53.
216 3409 358 3486 Magnum
383 3409 440 3468 hoc
465 3412 663 3469 testimonium
688 3420 804 3468 senatus
833 3419 893 3469 erat
915 3411 1040 3469 universi
1064 3429 1133 3470 con-

139 3507 316 3583 veniensque
339 3509 478 3584 superiori
499 3507 583 3568 facto.
626 3509 703 3567 Nam
725 3507 879 3566 Marcellus
901 3509 1034 3584 proximo
1055 3527 1133 3568 anno

140 3625 208 3664 cum
227 3607 410 3684 impugnaret
430 3605 561 3666 Caesaris
582 3605 759 3683 dignitatern,
775 3595 875 3664 contra
895 3605 990 3682 legem
1009 3606 1133 3684 Pompei
