2606 3934
203 245 223 294 2
533 240 562 291 (5.
585 239 679 288 IULII
699 238 871 288 CAESARIS
1161 242 1186 288 1.

204 387 281 464 capit
307 407 325 446 a
353 387 472 448 flumine
501 387 663 462 Rhodano;
692 389 853 448 continetur
886 386 1038 447 Garumna
1066 385 1188 443 flumine

204 487 334 558 Oceano,
363 487 468 546 finibus
496 487 668 564 Belgarum;
696 489 809 563 attingit
829 487 916 546 etiam
938 487 975 544 ab
997 485 1137 561 Sequanis
1159 492 1188 542 et

204 583 342 644 Helvetiis
356 585 465 644 flumen
480 585 632 658 Rhenum3
654 587 745 662 vergit
765 585 802 644 ad
821 584 1040 661 septentriones.
1081 581 1189 657 Belgae

204 683 241 741 ab
273 683 407 742 extremis
435 681 545 742 Galliae
573 685 677 742 finibus
704 684 852 742 oriuntur:
882 682 1026 760 pertinent
1053 681 1091 738 ad
1117 679 1189 737 inf-

177 783 310 850 5riorem
334 791 445 858 partem
459 781 586 841 fluminis
608 782 720 840 Rheni:
749 789 881 858 spectant
907 781 937 838 in
958 779 1188 856 septentrionem

205 891 233 940 et
261 881 402 939 orientem
429 879 531 938 solem.
588 879 744 956 Aquitania
773 899 791 938 a
824 879 974 938 Garumna
1005 877 1124 936 flumine
1152 875 1190 934 ad

205 979 368 1054 Pyrenaeos
396 986 511 1036 montes
539 986 568 1036 et
594 995 660 1036 eam
686 986 799 1054 partem
827 975 947 1048 Oceani,
976 994 1050 1052 quae
1082 983 1125 1033 est
1152 973 1191 1032 ad

204 1075 387 1151 Hispaniam,
408 1075 548 1151 pertinet3
577 1083 687 1151 spectat
714 1076 787 1134 inter
807 1092 945 1134 oceasum
972 1074 1042 1133 solis
1070 1081 1099 1132 et
1126 1089 1190 1148 sep·

205 1173 370 1232 tentriones.

164 1292 194 1328 ιο
246 1277 276 1328 2.
303 1268 391 1348 Apud
410 1268 559 1328 Helvetios
577 1267 666 1345 longe
693 1269 890 1329 nobilissimus
911 1278 940 1328 et
961 1269 1118 1328 ditissimus
1139 1266 1191 1341 suit

208 1367 370 1444 Orgetorix.
411 1367 442 1426 Is
463 1367 504 1424 M.
528 1367 656 1425 Messala
676 1377 705 1425 et
729 1367 770 1425 M.
793 1367 900 1426 Pisone
922 1367 1089 1426 consulibus
1109 1365 1191 1440 regni

207 1466 361 1542 cupiditate
375 1465 507 1522 inductus
522 1465 751 1523 coniurationem
772 1465 927 1523 nobilitatis
948 1464 1016 1523 fecit
1035 1473 1063 1523 et
1084 1463 1191 1522 civitati

207 1565 356 1641 persuasit,
377 1573 409 1622 ut
429 1563 466 1622 de
485 1563 591 1621 finibus
612 1563 669 1621 suis
690 1579 757 1621 cum
785 1563 921 1622 omnibus
939 1563 1034 1639 copiis
1062 1562 1187 1620 exirent:

208 1661 342 1739 perfacile
377 1679 449 1732 esse,
483 1678 550 1719 cum
580 1661 682 1719 virtute
715 1662 850 1720 omnibus
884 1669 1069 1737 praestarent,
1103 1661 1192 1718 totius

166 1771 194 1820 15
210 1759 320 1819 Galliae
340 1760 462 1835 imperio
483 1758 575 1834 potiri.
619 1757 654 1816 ld
673 1759 729 1816 hoc
747 1758 858 1818 facilius
879 1759 921 1818 eis
942 1759 1091 1835 persuasit,
1113 1757 1193 1834 quod

208 1858 336 1933 undique
363 1857 420 1916 loci
447 1866 548 1915 natura
575 1855 700 1914 Helvetii
727 1857 926 1916 continentur:
961 1874 1020 1914 una
1047 1875 1084 1914 ex
1111 1865 1193 1931 parte

209 1955 328 2014 flumine
353 1954 458 2013 Rheno
478 1954 618 2014 latissimo
639 1963 725 2030 atque
745 1955 893 2026 altissimo,
915 1955 964 2030 qui
992 1972 1093 2030 agrum
1121 1952 1193 2010 Hel-

209 2054 315 2111 vetium
343 2072 361 2112 a
389 2049 542 2110 Germanis
571 2051 669 2110 dividit
676 2072 684 2125 ;
713 2051 802 2110 altera
827 2071 864 2110 ex
892 2060 972 2128 parte
1000 2060 1100 2109 monte
1127 2049 1195 2107 lura

210 2151 357 2221 altissimo,
380 2149 428 2228 qui
448 2159 492 2208 est
512 2151 585 2208 inter
607 2149 758 2226 Sequanos
779 2159 807 2207 et
830 2149 994 2220 Helveti0s;
1024 2149 1106 2208 tertia
1129 2147 1195 2206 lacu

168 2261 198 2296 ²0
210 2247 361 2308 Lemanno
389 2257 418 2306 et
444 2247 563 2306 flumine
594 2247 749 2318 Rhodan0,
777 2247 827 2322 qui
856 2247 1033 2323 provinciam
1066 2255 1197 2304 nostram

212 2348 249 2405 ab
276 2345 417 2404 Helvetiis
445 2343 551 2404 dividit.
593 2343 650 2403 His
677 2346 762 2402 rebus
789 2345 883 2415 fiebat,
904 2353 936 2402 ut
961 2354 990 2402 et
1016 2345 1113 2402 minus
1140 2343 1197 2400 late

211 2453 381 2520 vagarentur
402 2451 430 2500 et
448 2443 543 2502 minus
562 2442 645 2501 lacile
664 2442 789 2501 finitimis
807 2442 914 2500 bellurn
936 2443 1038 2502 inferre
1059 2451 1196 2520 possent;

163 2589 164 2592 ,
212 2560 270 2618 qua
303 2557 341 2599 ex
374 2549 455 2616 parte
488 2539 621 2598 homines
656 2539 780 2599 bellandi
817 2541 914 2618 cupidi
948 2558 1056 2618 magno
1096 2539 1197 2598 dolore

212 2637 416 2698 afficiebantur.
466 2633 524 2696 Pro
553 2637 732 2696 multitudine
766 2647 863 2698 autem
896 2638 1049 2697 hominum
1081 2647 1110 2696 et
1143 2655 1198 2713 pro

170 2746 200 2797 25
213 2737 304 2814 gloria
330 2732 396 2793 belli
430 2744 516 2811 atque
548 2735 721 2796 fortitudinis
758 2747 897 2812 angustos
930 2755 961 2796 se
994 2736 1059 2795 finis
1090 2735 1198 2794 babere

213 2833 429 2906 arbitrabantur,
457 2833 506 2910 qui
533 2835 564 2894 in
591 2835 807 2911 longitudinem,
837 2835 915 2894 milia
947 2853 1085 2910 passuum
1113 2849 1199 2904 ooxu,

214 2933 244 2991 in
265 2931 444 2990 latitudinem
466 2946 567 2990 orxxx
589 2934 734 3008 patebant.
757 2975 759 2980 .
789 2939 818 2991 3.
834 2926 904 2990 ‘His
926 2933 1011 2990 rebus
1032 2931 1148 2990 adducti
1171 2939 1201 2988 et

214 3029 381 3089 auctoritate
409 3027 589 3105 Orgetorigis
616 3029 739 3106 permoti
760 3031 969 3087 constituerunt
995 3047 1038 3099 ea,
1060 3046 1134 3104 quae
1162 3027 1202 3086 ad

215 3126 456 3205 proficiscendum
477 3127 659 3204 pertinerent,
682 3145 858 3202 comparare,
880 3127 1074 3184 iumentomm
1093 3135 1121 3185 et
1138 3145 1201 3184 car-

172 3237 204 3287 30
215 3243 313 3284 rorum
333 3243 421 3302 quam
439 3225 598 3282 maximmn
615 3242 767 3282 numerum
785 3231 926 3295 coemere,
949 3234 1091 3282 sementes
1112 3242 1203 3300 quam

215 3323 357 3382 maximas
384 3322 488 3394 facere,
509 3331 541 3380 ut
567 3323 598 3380 in
625 3323 725 3380 itinere
753 3322 839 3398 copia
865 3321 1000 3380 frumenti
1028 3331 1202 3398 suppeteret,

217 3439 284 3479 cum
305 3420 445 3496 proximis
466 3419 625 3478 civitatibus
654 3437 757 3494 pacem
784 3429 813 3478 et
840 3420 993 3478 amicitiam
1021 3421 1202 3478 confirmare.

217 3519 266 3578 Ad
285 3536 334 3577 eas
351 3535 396 3577 res
417 3517 612 3577 conficiendas
628 3517 775 3576 biennium
793 3518 847 3578 sibi
866 3519 934 3578 satis
953 3536 1016 3578 esse
1042 3518 1203 3578 duxerunt:
