2652 3928
183 245 245 309 166
503 259 532 308 o.
556 260 651 307 rurrr
671 257 845 306 causaris
1109 261 1168 306 vn.

180 425 245 466 rum
263 407 294 465 in
312 405 415 466 eadem
431 417 512 483 parte
531 407 659 466 exaudiri
678 417 706 465 et
724 407 811 482 paulo
832 405 907 464 infra
925 405 1029 464 milites
1047 403 1169 462 navibus

181 507 375 588 transportari.
418 505 532 588 Quibus
571 505 658 563 rebus
698 503 809 574 auditis,
848 502 928 579 quod
966 502 1170 560 existimabant

181 605 272 662 tribus
304 603 375 662 loeis
410 603 531 661 transire
564 601 695 676 legiones
729 611 815 676 atque
849 618 952 659 omnes
988 600 1170 676 perturbatos

182 701 343 759 detectione
372 700 543 758 Aeduorum
570 699 670 774 sugam
696 715 806 773 parare,
834 715 901 756 suas
928 711 1045 773 quoque
1069 697 1170 770 copias

152 799 211 868 5in
242 808 299 857 tres
330 808 426 874 partes
458 797 669 855 distribuerunt.
712 795 790 872 Nam
824 795 969 869 praesidio
1000 812 1017 852 e
1050 795 1170 869 regione

181 907 339 956 castrorum
359 896 459 954 relicto
479 903 508 952 et
526 912 615 968 parva
633 911 723 951 manu
742 892 935 950 Melodunum
955 909 1056 950 versus
1071 891 1169 962 missa,

181 1013 254 1070 quae
285 1003 396 1052 tantum
425 991 633 1068 progrediatur,
661 999 801 1067 quantum
833 1006 919 1046 naves
951 989 1168 1064 processissent,

180 1093 303 1168 reliquas
318 1092 417 1166 copias
433 1100 533 1149 eontra
547 1089 709 1147 Labienum
723 1088 873 1146 duxerunt.
916 1093 966 1146 62.
990 1086 1086 1146 Prima
1105 1087 1170 1145 luce

180 1199 209 1248 et
222 1191 312 1248 nostri
328 1206 431 1249 omnes
450 1196 532 1246 erant
551 1185 736 1261 transportati
750 1194 778 1242 et
798 1184 925 1242 hostiurn
939 1185 1015 1250 acies
1031 1183 1169 1242 cemeba-

137 1312 167 1347 10
180 1298 232 1346 tur.
274 1287 420 1345 Labienus
440 1287 543 1344 milites
564 1285 742 1356 cohortatus,
759 1293 791 1341 ut
812 1300 881 1341 suae
902 1282 1039 1358 pristinae
1060 1282 1169 1340 virtutis

179 1395 207 1444 et
228 1385 501 1443 secundissimorum
522 1385 697 1458 proeliorum
717 1381 887 1440 memoriam
908 1381 1061 1438 retinerent
1082 1389 1168 1453 atque

179 1484 275 1557 ipsum
299 1479 465 1551 Caesarem,
489 1483 570 1540 cuius
595 1475 683 1539 d'uctu
707 1473 917 1554 saepenumero
940 1479 1040 1538 hostes
1069 1493 1168 1550 super-

180 1588 286 1650 assent,
306 1589 488 1653 praesentem
510 1579 612 1637 adesse
631 1578 835 1649 existimarent,
853 1578 902 1636 dat
923 1577 1038 1652 signum
1059 1575 1168 1651 proelii.

180 1676 277 1734 Primo
303 1692 445 1734 concursu
470 1677 508 1733 ab
533 1676 634 1734 dextro
660 1692 758 1745 cornu,
780 1675 830 1732 ubi
855 1675 978 1748 septima
999 1673 1076 1748 legio
1098 1690 1169 1730 con·

137 1774 296 1844 restiterat,
326 1773 426 1831 hostes
452 1773 597 1848 pelluntur
624 1782 710 1848 atque
724 1773 755 1830 in
781 1771 881 1847 sugam
903 1771 1100 1842 coniciuntur;
1132 1771 1168 1827 ab

180 1872 303 1941 sinistro
325 1889 412 1946 quem
432 1870 530 1929 locum
552 1869 725 1928 duodecima
748 1869 824 1944 legio
846 1869 970 1939 tenebat,
991 1885 1059 1926 cum
1084 1867 1168 1942 primi

179 1969 295 2028 ordines
314 1969 441 2028 hostium
462 1968 590 2026 transfixi
609 1968 673 2026 telis
693 1967 895 2037 concidissent,
914 1976 1011 2024 tamen
1030 1967 1167 2026 acerrime

179 2068 279 2144 reliqui
299 2068 477 2138 resistebant,
496 2085 551 2124 nec
573 2066 660 2124 dabat
681 2065 878 2139 suspicionem
899 2063 985 2139 fugae
1005 2066 1167 2140 quisquam.

179 2165 248 2240 Ipse
283 2165 342 2222 dux
371 2163 498 2224 hostiurn
527 2162 743 2237 Camulogenus
775 2161 835 2220 suis
865 2161 964 2218 aderat
997 2171 1083 2237 atque
1117 2179 1168 2220 eos

137 2284 167 2319 πο
180 2262 390 2320 cohortabatur.
440 2262 556 2320 Incerto
591 2279 669 2319 nunc
699 2260 785 2318 etiam
819 2259 897 2317 exitu
928 2258 1071 2330 victoriae,
1101 2277 1169 2318 cum

180 2359 318 2434 septimae
339 2359 462 2434 legionis
483 2359 604 2416 tribunis
625 2367 701 2416 esset
721 2357 891 2427 nuntiatum,
909 2374 984 2432 quae
1005 2357 1035 2414 in
1054 2357 1167 2415 sinistro

180 2475 271 2514 cornu
296 2445 471 2531 gererentur,
492 2465 561 2531 post
581 2465 694 2530 tergum
718 2453 845 2512 hostium
868 2453 1013 2528 legionem
1033 2455 1168 2512 ostende-

178 2564 245 2611 runt
273 2555 413 2630 signaque
444 2552 605 2610 intulerunt.
648 2551 695 2610 Ne
722 2569 759 2610 co
788 2551 905 2627 quidem
933 2561 1064 2627 tempore
1092 2553 1168 2629 quis·

179 2670 268 2727 quam
302 2653 368 2709 loco
403 2652 497 2720 cessit,
533 2651 584 2710 sed
616 2651 800 2710 circumventi
834 2668 937 2709 omnes
971 2651 1169 2726 interfectique

136 2775 165 2823 25
181 2759 256 2808 sunt.
297 2747 430 2807 Eandem
456 2748 602 2806 fortunam
630 2749 692 2806 tulit
721 2747 943 2823 Camulogenus.
987 2749 1027 2806 At
1059 2749 1087 2820 ii,
1119 2749 1169 2824 qui

179 2845 322 2921 praesidio
345 2856 446 2905 contra
466 2856 558 2905 castra
578 2846 700 2904 Labieni
721 2855 801 2905 erant
821 2845 919 2916 relicti,
939 2863 1006 2904 curn
1027 2847 1168 2921 proelium

178 2945 368 3003 commissum
388 2945 543 3016 audissent,
564 2943 693 3004 subsidio
712 2945 771 3002 suis
791 2944 884 3001 ierunt
903 2943 1168 3026 collemquecepe·

178 3051 251 3113 runt,
271 3061 365 3119 neque
384 3054 548 3102 nostrorum
567 3044 689 3102 militum
707 3043 846 3100 victorum
869 3042 1008 3118 impetum
1028 3044 1169 3103 sustinere

178 3139 341 3216 potuerunt.
386 3140 434 3200 Sic
459 3159 526 3200 cum
554 3141 614 3199 suis
638 3139 813 3216 fugientibus
841 3139 983 3214 permixti,
1009 3158 1083 3216 quos
1108 3161 1169 3201 non

135 3267 166 3314 30
179 3236 265 3294 silvae
302 3248 474 3314 montesque
509 3247 648 3308 texerunt,
686 3238 723 3294 ab
759 3235 886 3311 equitatu
922 3246 989 3295 sunt
1019 3238 1167 3298 interfecti.

179 3336 248 3394 Hoc
269 3337 387 3411 negotio
410 3336 544 3395 confecto
567 3335 713 3394 Labienus
735 3333 881 3394 revertitur
903 3333 1095 3408 Agedincum,
1118 3339 1168 3396 nbi

179 3433 386 3506 impedimenta
421 3435 509 3492 totius
547 3435 687 3492 exercitus
724 3433 822 3492 relicta
858 3441 957 3492 crant:
996 3433 1064 3495 inde
1099 3455 1168 3496 cum

180 3531 314 3590 omnibus
337 3531 429 3608 copiis
452 3531 490 3590 ad
513 3529 667 3591 Caesarem
688 3531 825 3608 pervenit.
