2634 3914
183 194 244 301 '152
503 229 534 276 c,
554 227 646 274 nun
667 219 839 274 cnrsnnrs
1119 232 1167 276 vrr

182 380 261 455 leges
277 379 334 437 duo
349 396 386 437 ex
400 397 460 436 una
471 377 580 436 familia
594 378 658 435 vivo
672 386 795 452 utroque
809 395 870 434 non
886 377 981 435 solum
995 375 1179 450 magistratus

183 478 273 535 creari
288 484 426 548 vetarent,
440 476 492 533 sed
506 476 593 533 etiam
613 475 644 531 in
662 482 764 531 senatu
779 491 843 531 esse
858 473 1053 550 prohiberent,
1069 470 1179 529 Cotum

182 574 338 649 imperium
361 573 508 648 deponere
530 572 633 646 coe'git,
655 569 920 641 Convictolitavem,
943 572 992 647 qui
1013 587 1065 646 per
1086 587 1177 628 sacer.

184 671 267 730 dotes
288 688 369 729 more
391 670 510 728 civitatis
534 667 703 726 intermissis
723 668 937 742 magistratibus
958 677 1035 728 esset
1056 677 1178 738 creatus,

154 781 169 833 s
183 778 356 844 potestatem
369 769 499 825 obtinere
513 767 602 825 iussit.

224 871 276 925 34.
300 865 369 923 Hoc
391 866 506 923 decreto
527 848 697 942 interposito
719 868 886 927 cohortatus
908 867 1037 939 Aeduos,
1057 879 1088 926 ut
1107 887 1177 927 con·

182 965 383 1023 troversiarum
404 983 438 1022 ac
463 963 651 1024 dissensionis
673 966 909 1024 obliviscerentur
933 975 1019 1041 atque
1040 967 1177 1023 omnibus

143 1069 147 1074 '
183 1063 297 1122 omissis
321 1063 407 1119 rebus
428 1061 494 1119 huic
518 1062 595 1120 bello
620 1065 756 1121 servirent
777 1081 877 1138 eaque,
899 1080 973 1138 quae
994 1064 1176 1134 meruissent,

183 1161 310 1236 praemia
337 1160 375 1217 ab
403 1177 442 1229 se,
469 1159 579 1218 devicta
603 1160 705 1231 Gallia,
731 1169 932 1238 exspectarent
960 1161 1177 1236 equitatumque

139 1283 171 1320 ιο
184 1277 301 1316 omnem
328 1266 357 1314 et
384 1256 514 1333 peditum
541 1258 619 1317 milia
650 1259 752 1317 decem
784 1260 837 1316 sibi
866 1258 994 1317 celeriter
1021 1258 1175 1329 mitterent,

183 1373 257 1432 quae
276 1357 306 1412 in
327 1355 476 1431 praesidiis
494 1355 536 1412 rei
550 1355 752 1414 frumentariae
772 1373 860 1414 causa
879 1355 1053 1430 disponeret,
1068 1357 1175 1416 exerei-

182 1463 244 1511 tum
265 1453 295 1510 in
320 1453 392 1510 duas
416 1461 511 1527 partes
537 1454 646 1512 divisit:
676 1463 813 1529 quattuor
836 1454 967 1529 legiones
991 1452 1022 1509 in
1045 1451 1175 1510 Senones

182 1549 365 1626 Parisiosque
386 1549 517 1608 Labieno
540 1551 688 1609 ducendas
709 1551 794 1622 dedit,
818 1569 869 1610 sex
890 1552 952 1626 ipse
977 1550 1008 1607 in
1028 1550 1174 1608 Arvernos

183 1649 221 1706 ad
249 1648 390 1724 oppidum
419 1647 595 1723 Gergoviam
623 1649 783 1707 secundum
810 1649 919 1707 flumen
946 1647 1049 1705 Elaver
1077 1648 1172 1720 duxit3

140 1761 170 1814 ¹5
184 1747 325 1822 equitatus
346 1753 456 1820 partem
476 1746 515 1803 illi
536 1747 670 1817 attribuit,
689 1756 800 1822 partem
822 1747 875 1805 sibi
895 1745 1014 1821 reliquit.
1057 1743 1125 1816 Qua
1143 1763 1174 1802 re

183 1844 301 1919 cognita
335 1841 554 1918 Vercingetorix
585 1845 721 1904 omnibus
759 1844 923 1920 interruptis
956 1843 1017 1900 eius
1047 1841 1174 1901 fluminis

183 1941 320 2018 pontibus
348 1941 386 1998 ab
413 1941 501 1998 altera
522 1941 648 2001 fluminis
676 1953 757 2020 parte
784 1944 838 2000 iter
859 1942 953 2000 facere
976 1940 1080 2016 coepit.
1122 1947 1173 1998 35.

184 2038 261 2097 Cum
274 2049 393 2114 uterque
407 2039 551 2114 utrimque
565 2041 670 2099 exisset
684 2042 826 2101 exercitus
840 2041 870 2098 in
885 2049 1043 2115 conspectu
1056 2038 1173 2114 fereque

184 2154 201 2194 e
221 2137 339 2211 regione
358 2136 456 2194 castris
477 2146 570 2194 castra
587 2140 748 2213 ponebant,
769 2139 914 2214 dispositis
936 2136 1172 2212 exploratoribus,

138 2248 172 2287 ao
185 2234 289 2292 necubi
316 2233 420 2291 effecto
448 2243 538 2309 ponte
567 2233 693 2293 Romani
718 2237 817 2312 copias
844 2235 1034 2304 traducerent,
1056 2242 1116 2291 erat
1143 2233 1173 2289 in

183 2332 297 2407 magnis
309 2329 440 2388 Caesaris
452 2330 665 2391 difficultatibus
675 2351 729 2404 res,
738 2353 775 2392 ne
786 2334 925 2391 maiorem
937 2332 1051 2390 aestatis
1062 2341 1173 2408 partem

183 2429 302 2487 flumine
324 2428 517 2503 impediretur,
532 2429 613 2504 quod
630 2447 693 2488 non
711 2431 770 2489 sere
789 2440 856 2488 ante
878 2441 1050 2488 autumnum
1071 2428 1174 2486 Elaver

183 2523 259 2584 vado
280 2525 393 2584 transiri
418 2525 497 2583 solet.
537 2524 651 2603 Itaque,
676 2545 713 2586 ne
737 2529 767 2586 id
790 2529 941 2599 accideret,
964 2527 1082 2586 silvestri
1106 2526 1173 2584 loco

184 2623 283 2682 castris
294 2623 395 2698 positis
406 2641 422 2680 e
433 2623 552 2697 regione
562 2625 647 2683 unius
659 2641 760 2684 eorum
770 2626 911 2701 pontium,
921 2641 996 2700 quos
1004 2623 1172 2698 Vercinget-

140 2734 170 2786 25
184 2721 246 2779 orix
262 2720 468 2778 rescindendos
482 2731 637 2794 curaverat,
652 2734 769 2799 postero
785 2723 831 2780 die
846 2741 913 2781 cum
928 2723 1040 2781 duabus
1054 2721 1173 2798 legioni·

183 2821 238 2878 bus
252 2819 283 2876 in
298 2819 412 2877 occulto
427 2818 544 2892 'restitit3
567 2820 690 2896 reliquas
705 2822 805 2898 copias
820 2839 887 2880 cum
902 2822 1038 2880 omnibus
1051 2821 1173 2898 impedi-

182 2918 297 2988 mentis,
318 2927 350 2974 ut
371 2925 567 2988 consueverat,
589 2919 666 2976 misit
687 2920 777 2995 captis
801 2919 975 2995 quibusdam
996 2913 1172 2994 cohortibus

182 3015 225 3072 uti
245 3033 382 3073 numerus
403 3015 550 3090 legionum
571 3026 702 3074 constare
722 3017 872 3076 videretur.
915 3015 973 3074 His
998 3029 1086 3093 quam
1110 3016 1174 3074 lon·

184 3112 302 3187 gissime
329 3122 450 3188 possent
475 3113 572 3187 egredi
600 3113 693 3183 iussis,
719 3133 785 3172 curn
813 3113 870 3172 iarn
895 3131 932 3172 ex
960 3114 1016 3173 diei
1042 3122 1172 3189 tempore

142 3219 174 3283 30
185 3211 380 3268 coniecturam
408 3217 523 3285 ceperat
550 3209 580 3266 in
604 3221 698 3269 castra
725 3223 902 3287 perventum,
925 3212 1020 3270 'isdem
1048 3211 1172 3279 sublicis,

186 3325 307 3384 quarum
332 3325 398 3385 pars
427 3307 544 3366 inferior
571 3308 682 3384 integra
709 3312 883 3382 remanebat,
908 3319 1029 3386 pontem
1056 3309 1173 3368 reficere

186 3406 291 3482 coepit.
332 3405 467 3464 Celeriter
494 3405 597 3464 effecto
622 3423 709 3482 opere
737 3407 957 3485 legionibusque
980 3408 1118 3467 traductis
1145 3418 1174 3465 et

186 3502 252 3560 loco
273 3501 372 3560 castris
391 3501 497 3559 idoneo
516 3502 627 3561 delecto
646 3504 769 3581 reliquas
788 3507 888 3582 copias
908 3506 1059 3565 revocavit.
1101 3504 1173 3562 Ver·
