2606 3934
183 161 225 240 48
508 175 537 226 c.
559 177 652 226 marr
673 175 845 226 ornsrnrs
1139 179 1177 226 11.

184 345 249 386 esse
263 326 396 386 inimicos
411 345 445 387 ac
460 345 529 388 suae
543 328 637 388 virtuti
651 327 796 402 invidere;
818 326 954 403 aquibus
976 343 1007 386 se
1023 324 1177 385 defendere

184 425 294 484 traditis
308 426 394 484 armis
414 443 475 484 non
488 434 617 501 possent.
661 425 721 484 Sibi
735 434 889 501 praestare,
912 425 935 482 si
950 425 980 482 in
994 441 1062 482 eum
1076 441 1177 482 casum

185 523 403 594 deducerentur,
432 524 562 599 quamvis
590 523 735 580 fortunam
763 541 781 581 a
804 522 916 598 populo
945 521 1083 578 Romano
1108 521 1176 596 pati,

184 639 272 696 quam
286 621 323 678 ab
334 621 379 678 his
393 638 445 696 per
459 621 615 678 cruciatum
629 620 756 690 interfici,
771 619 845 678 inter
859 636 934 694 quos
949 617 1092 677 dominari
1106 635 1177 676 con-

155 727 324 786 ssuessent.
366 723 417 776 32.
438 717 486 775 Ad
508 717 580 776 haec
604 717 712 776 Caesar
731 717 899 794 respondit:
930 715 968 776 Se
989 716 1084 792 magis
1106 733 1178 773 con-

183 816 335 874 suetudine
358 833 410 874 sua
424 833 512 892 quam
534 817 636 874 merito
659 834 759 874 eorum
779 815 921 874 civitatem
940 821 1178 874 conservaturum

184 914 208 972 si
229 913 316 988 prius,
339 931 427 990 quam
448 931 562 971 murum
583 915 657 972 aries
679 915 828 990 attigisset,
850 931 881 971 se
903 912 1098 971 dedidissent:
1124 909 1178 968 sed

184 1011 338 1069 deditionis
359 1011 467 1068 nullam
486 1030 550 1070 esse
570 1012 774 1070 condicionem
795 1011 850 1070 nisi
870 1010 956 1068 armis
977 1008 1094 1067 traditis.
1138 1006 1176 1064 Se

184 1109 222 1179 id,
247 1109 327 1184 quod
347 1109 378 1166 in
399 1107 511 1167 Nerviis
536 1108 660 1180 fecisset,
681 1108 824 1168 facturum
846 1107 1030 1182 finitimisque
1052 1106 1177 1181 impera-

142 1224 172 1260 10
185 1219 288 1279 turum,
303 1227 339 1266 ne
354 1225 443 1284 quam
462 1209 603 1268 dediticiis
621 1209 722 1284 populi
737 1208 865 1268 Romani
884 1207 1016 1264 iniuriam
1030 1204 1176 1262 inferrent.
1212 1187 1214 1192 ’

185 1307 230 1364 Re
254 1307 385 1364 nuntiata
409 1306 446 1364 ad
471 1313 548 1377 suos
574 1325 648 1382 quae
672 1306 889 1382 imperarentur,
914 1303 1009 1361 facere
1034 1303 1176 1360 dixerunt.

186 1406 343 1462 Armorum
362 1421 471 1479 magna
485 1403 666 1462 multitudine
681 1403 717 1460 de
738 1419 822 1460 muro
843 1402 874 1458 in
888 1401 1006 1470 fossam,
1026 1417 1100 1476 quae
1116 1407 1177 1456 erat

184 1510 252 1559 ante
266 1501 418 1577 oppidum,
433 1501 514 1573 iacta,
536 1503 578 1559 sic
597 1510 629 1560 ut
642 1518 734 1577 prope
754 1517 897 1564 summam
916 1497 991 1554 muri
1004 1495 1176 1572 aggerisque

185 1599 366 1658 altitudinem
387 1599 479 1657 acervi
500 1617 646 1657 armorum
667 1599 870 1674 adaequarent,
892 1605 920 1654 et
946 1605 1045 1654 tamen
1066 1593 1177 1652 circiter

142 1711 171 1762 15
186 1707 267 1774 parte
280 1697 370 1768 tertia,
385 1706 417 1755 ut
430 1707 532 1773 postea
545 1706 729 1772 perspectum
744 1705 795 1766 est,
816 1695 907 1754 celata
921 1703 1007 1769 atque
1022 1693 1051 1749 in
1066 1691 1176 1767 oppido

185 1805 297 1854 retenta
307 1795 399 1870 portis
421 1794 571 1870 patefactis
593 1812 629 1852 eo
645 1795 690 1852 die
705 1812 778 1870 pace
793 1801 860 1851 sunt
873 1792 926 1849 usi.
967 1797 1019 1850 33.
1042 1788 1102 1847 Sub
1113 1806 1176 1846 ves-

186 1911 289 1968 perum
304 1892 412 1951 Caesar
425 1902 522 1968 portas
538 1891 632 1950 claudi
642 1891 803 1968 militesque
825 1909 862 1949 ex
873 1888 985 1966 oppido
997 1887 1075 1946 exire
1086 1887 1176 1956 iussit,

186 2009 224 2049 ne
246 2009 334 2066 quam
353 2000 443 2049 noctu
467 1991 607 2068 oppidani
627 1992 664 2048 ab
686 1991 822 2048 militibus
843 1989 983 2058 iniuriam,
1003 1986 1177 2062 acciperent.
1279 2015 1280 2022 .

186 2087 231 2146 Illi
240 2099 306 2147 ante
317 2089 397 2161 initu,
412 2098 444 2147 ut
454 2089 630 2147 intellectum
642 2097 693 2158 est,
706 2088 837 2158 consiliu,
852 2085 932 2163 quod
944 2085 1090 2144 deditione
1101 2083 1179 2140 facta
1279 2155 1280 2168 χ

142 2170 177 2238 20'
186 2197 300 2244 nostros
313 2187 457 2263 praesidia
471 2186 646 2245 deducturos
668 2195 717 2243 aut
731 2183 855 2259 denique
870 2181 1067 2258 indiligentius
1082 2198 1178 2238 serva-
1279 2203 1280 2240 ι

186 2294 266 2342 turos
285 2284 473 2354 crediderant,
488 2284 591 2359 partim
611 2284 742 2359 sumptis,
762 2300 837 2358 quae
857 2281 1036 2338 retinuerant
1054 2287 1083 2336 et
1102 2277 1179 2334 cela·
1279 2279 1280 2302 ³

187 2391 293 2452 verant,
314 2382 410 2452 armis
432 2382 535 2456 partim
557 2382 644 2440 scutis
665 2400 701 2438 ex
723 2381 830 2439 cortice
851 2378 934 2437 factis
955 2385 1004 2435 aut
1024 2375 1179 2434 viminibus
1279 2439 1280 2442 Ἴ

187 2481 311 2551 intextis,
347 2497 422 2556 quae
456 2479 560 2550 subit0,
595 2490 627 2538 ut
658 2479 797 2554 temporis
832 2477 971 2552 exiguitas
1003 2473 1178 2551 postulabat,

187 2577 309 2653 pellibus
336 2577 516 2643 induxerant,
541 2579 623 2636 tertia
649 2557 838 2653 vigiliasque
865 2575 985 2632 minime
1008 2573 1114 2630 arduus
1139 2571 1180 2629 ad

144 2695 173 2746 ²5
188 2685 301 2734 nostras
334 2675 510 2734 munitiones
544 2693 681 2734 ascensus
718 2674 875 2744 videbatur,
910 2671 1046 2730 omnibus
1084 2669 1180 2745 copiis

187 2775 338 2849 repentino
353 2791 390 2832 ex
404 2774 514 2849 oppido
528 2775 709 2850 eruptionem
723 2773 861 2830 fecerunt.
904 2769 1049 2839 Celeriter,
1064 2777 1096 2826 ut
1109 2776 1181 2824 ante

188 2869 296 2928 Caesar
319 2871 480 2946 imperarat,
505 2871 621 2947 ignibus
645 2870 855 2946 significatione
879 2868 954 2926 facta
976 2885 1013 2925 ex
1037 2864 1181 2943 proximis

187 2969 309 3028 castellis
336 2987 372 3028 eo
397 2987 572 3027 concursum
599 2979 651 3040 est,
675 2978 894 3044 pugnatumque
918 2967 956 3024 ab
979 2965 1110 3024 hostibus
1136 2963 1183 3021 ita

186 3069 288 3126 acriter
307 3075 360 3138 est,
381 3075 411 3124 ut
430 3085 448 3124 a
466 3067 532 3125 viris
552 3067 673 3126 fortibus
692 3069 722 3124 in
740 3076 868 3124 extrema
884 3083 937 3141 spe
958 3063 1057 3122 salutis
1075 3059 1181 3135 iniquo

145 3165 254 3233 3oloco
282 3174 384 3222 contra
410 3182 471 3236 e0S,
500 3165 549 3240 qui
577 3183 613 3222 ex
639 3165 714 3222 vallo
742 3164 925 3238 turribusque
953 3161 1010 3220 tela
1038 3160 1181 3230 iacerent,

189 3264 312 3338 pugnari
331 3263 438 3333 debuit,
459 3281 524 3320 curn
544 3264 574 3320 in
593 3282 652 3322 una
668 3265 770 3320 virtute
788 3261 885 3320 omnis
907 3257 1089 3338 spessalutis
1105 3273 1183 3314 con-

189 3359 309 3418 sisteret.
352 3359 464 3418 Occisis
489 3361 526 3418 ad
549 3362 703 3420 hominum
727 3361 841 3418 milibus
865 3367 1000 3434 quattuor
1022 3355 1123 3430 reliqui
1146 3354 1184 3412 in

189 3456 331 3532 oppidum
354 3458 451 3516 reiecti
474 3468 548 3518 sunt.
590 3459 733 3518 Postridie
757 3459 818 3516 eius
843 3457 900 3516 diei
923 3455 1051 3516 refractis
1075 3451 1182 3534 portiS,
1279 3531 1280 3540 ἦ
