2606 3934
126 259 263 326 19-23.
373 255 419 302 na
439 254 550 302 annno
574 253 724 302 oarrroo
747 253 857 303 contr.
881 255 922 302 rr.
1072 258 1114 325 43

124 423 221 463 rerum
242 423 382 481 magnam
406 415 518 482 partem
529 406 667 481 temporis
686 405 809 464 brevitas
828 415 856 465 et
875 421 1027 464 successus
1047 402 1115 463 hos-

123 503 195 560 tium
210 504 392 580 impediebat.
436 502 492 562 His
506 504 717 562 difficultatibus
732 504 807 562 duae
820 522 866 562 res
881 511 962 560 erant
976 501 1114 572 subsidi0‚

124 602 244 662 seientia
274 611 362 678 atque
392 619 461 660 usus
495 601 626 672 militum,
658 601 738 678 quod
772 601 968 677 superioribus
999 599 1116 675 proeliis

124 699 277 772 exercitati,
293 700 362 777 quid
376 700 436 758 fieri
455 709 609 776 oporteret,
617 718 685 762 non
701 699 797 758 minus
815 698 971 758 commode
986 697 1042 773 ipsi
1062 695 1115 754 sibi

123 799 326 873 praescribere,
351 816 439 874 quarn
467 799 505 855 ab
533 797 594 855 aliis
623 797 720 856 doceri
745 806 886 876 poterant,
914 805 943 854 et
970 795 1051 870 quod
1078 794 1142 856 abt

123 913 211 972 opere
224 896 400 972 singulisque
411 895 574 971 legionibus
585 895 833 970 singuloslegatos
846 893 953 952 Caesar
968 890 1115 950 discedere

123 994 178 1051 nisi
192 994 308 1052 munitis
327 995 427 1053 castris
446 1002 581 1052 vetuerat.
623 992 665 1050 Hi
686 1002 803 1068 propter
823 990 1067 1067 propinquitatem
1089 997 1117 1046 et

124 1090 297 1149 celeritatem
317 1090 445 1149 hostium
465 1090 536 1148 nihil
557 1091 615 1148 iam
636 1089 768 1148 Caesaris
792 1089 945 1164 imperium
966 1094 1116 1162 exspecta-

123 1187 200 1258 bant,
214 1189 265 1248 sed
279 1205 373 1264 perse
388 1206 462 1264 quae
474 1188 644 1246 videbantur
652 1187 898 1245 administrabant.
941 1190 986 1243 21.
1010 1181 1116 1241 Caesar
1161 1181 1165 1190 “

123 1287 293 1344 necessariis
321 1287 407 1344 rebus
434 1285 581 1362 imperatis
608 1285 646 1343 ad
671 1284 867 1343 cohortandos
890 1282 1003 1351 milites,
1028 1294 1163 1355 quam10

123 1394 235 1460 partem
263 1384 322 1444 fors
351 1384 461 1455 obtulit,
490 1383 651 1442 decucurrit
680 1392 708 1442 et
736 1383 774 1441 ad
801 1382 947 1457 legionem
972 1377 1116 1436 decimam

124 1482 246 1540 devenit.
289 1481 396 1540 Milites
424 1499 486 1539 non
513 1479 645 1557 longiore
674 1481 803 1540 oratione
828 1478 1003 1546 cohortatus,
1028 1491 1117 1551 quarn

124 1580 164 1638 uti
193 1597 262 1638 suae
290 1581 426 1656 pristinae
450 1580 560 1637 virtutis
587 1579 759 1638 memoriam
786 1578 940 1636 retinerent
967 1591 1025 1632 neu
1052 1591 1116 1648 per-

123 1678 304 1735 turbarentur
323 1678 421 1736 animo
440 1677 625 1753 hostiumque
647 1678 787 1754 impetum
806 1675 915 1734 fortiter
935 1672 1116 1741 sustinerent,

124 1775 205 1850 quod
228 1793 290 1832 non
314 1775 429 1852 longius
456 1775 555 1834 hostes
580 1775 707 1846 aberant,
733 1792 821 1850 quam
847 1790 905 1849 quo
929 1770 1018 1829 telum
1042 1768 1117 1826 adici
1133 1781 1161 1831 ῐ5

123 1881 230 1948 posset,
245 1873 345 1949 proelii
360 1873 559 1932 committendi
574 1874 691 1949 signum
705 1873 793 1932 dedit.
833 1870 930 1946 Atque
949 1870 979 1926 in
998 1867 1117 1925 alteram

123 1981 235 2047 partem
263 1973 333 2029 item
358 1971 529 2030 cohortandi
554 1989 642 2030 causa
669 1971 815 2048 profectus
844 1968 1040 2046 pugnantibus
1068 1983 1117 2023 oc·

125 2069 219 2127 currit.
262 2068 419 2144 Temporis
431 2078 510 2126 tanta
521 2068 573 2127 fuit
584 2069 723 2145 exiguitas
732 2068 916 2142 hostiumque
930 2076 989 2124 tarn
1000 2073 1117 2141 paratus

125 2168 162 2226 ad
178 2166 374 2225 dimicandum
386 2167 508 2238 animus,
523 2176 555 2224 ut
568 2184 629 2225 non
643 2167 733 2225 modo
752 2166 789 2224 ad
808 2165 933 2239 insignia
952 2180 1118 2222 accommo-

124 2265 229 2335 danda,
252 2264 412 2323 sedetiam
433 2264 471 2323 ad
492 2263 589 2340 galeas
609 2265 771 2322 induendas
796 2263 941 2338 scutisque
961 2261 1118 2336 tegimenta
1133 2284 1163 2318 ιο

125 2362 301 2422 detrahenda
328 2371 443 2438 tempus
472 2362 601 2422 defuerit.
643 2361 741 2434 Quam
765 2362 888 2438 quisque
916 2362 953 2419 ab
977 2377 1064 2436 opere
1088 2359 1119 2417 in

124 2471 236 2538 partem
250 2478 319 2518 casu
334 2459 449 2519 devenit
466 2479 597 2536 quaeque
613 2462 706 2536 prima
723 2461 806 2537 signa
821 2458 980 2536 conspexit,
996 2458 1119 2517 adhaec

125 2559 261 2628 constitit,
281 2576 319 2616 ne
338 2557 368 2615 in
388 2558 560 2633 quaerendis
580 2559 638 2617 suis
658 2559 808 2634 pugnandi
828 2568 943 2634 tempus
958 2557 1117 2615 dimitteret„

125 2663 175 2715 22.
198 2655 343 2714 Instructo
372 2656 507 2727 exercitu,
535 2657 629 2732 magis
656 2667 689 2715 ut
715 2657 772 2715 loci
800 2667 903 2714 natura
935 2655 1119 2730 deiectusque

125 2754 206 2812 collis
221 2763 249 2812 et
263 2754 419 2812 necessitas
433 2754 582 2831 temporis,
597 2771 686 2829 quarn
699 2764 731 2812 ut
744 2755 785 2812 rei
801 2754 929 2812 militaris
945 2753 1018 2812 ratio
1033 2762 1119 2828 atque
1135 2771 1163 2822 ²5

124 2854 197 2912 ordo
218 2852 391 2930 postulabat,
411 2871 479 2912 cum
499 2852 616 2911 diversis
637 2853 800 2929 legionibus
821 2854 893 2910 aliae
915 2852 970 2910 alia
990 2851 1021 2908 in
1040 2861 1119 2926 parte

124 2953 256 3012 hostibus
273 2943 445 3024 resisterent,
464 2953 639 3028 sepibusque
657 2953 843 3024 densissimis,
861 2961 893 3010 ut
911 2962 977 3010 ante
997 2951 1119 3009 demon·

125 3051 284 3120 stravimus,
315 3049 470 3108 interiectis
498 3059 671 3126 prospectus
698 3051 893 3126 impediretur,
919 3067 1014 3125 neque
1042 3058 1121 3108 certa

125 3148 253 3208 subsidia
274 3147 408 3206 collocari
429 3165 533 3224 neque,
556 3148 625 3224 quid
645 3149 676 3205 in
697 3167 812 3224 quaque
834 3158 916 3225 parte
937 3165 1013 3224 opus
1034 3157 1119 3219 esset,

124 3246 267 3324 provideri
284 3264 379 3322 neque
394 3247 431 3304 ab
444 3264 504 3304 uno
519 3245 621 3304 omnia
637 3246 758 3323 imperia
772 3247 963 3304 administrari
977 3256 1119 3322 poterant.
1134 3267 1164 3316 30

125 3346 228 3421 Itaque
255 3344 286 3401 in
309 3353 388 3402 tanta
410 3363 507 3402 rerum
531 3344 679 3420 iniquitate
704 3344 835 3402 fortunae
859 3362 976 3420 quoque
1001 3356 1120 3405 eventus

124 3444 194 3502 varii
208 3444 409 3519 sequebantur.
450 3450 499 3502 23.
522 3442 659 3519 Legionis
673 3461 768 3501 nonae
783 3453 811 3501 et
823 3442 951 3502 decimae
966 3444 1077 3517 milites,
1089 3456 1121 3504 ut

125 3542 155 3598 in
183 3541 297 3600 sinistra
324 3531 409 3618 parte'
433 3541 494 3599 acie
519 3542 715 3612 constiterant,
744 3541 808 3617 pilis
836 3541 949 3600 emissis
974 3560 1060 3602 cursu
1085 3563 1120 3605 ac
