2634 3914
160 205 299 268 41-44.
388 201 434 248 ur
456 201 564 248 narro
588 199 739 248 onrrrco
761 198 871 248 comm.
899 173 962 249 vrrss
1080 167 1150 270 ‘157

159 349 238 408 idem
252 347 346 408 facere
361 359 470 425 cogunt
482 369 541 420 eos,
557 351 606 427 qui
620 349 789 426 negotiandi
803 366 891 407 causa
905 349 945 407 ibi
956 349 1150 408 constiterant.

160 446 227 506 Hos
268 448 407 507 continuo
442 449 477 508 in.
506 449 606 508 itinere
640 448 733 507 adorti
768 448 903 506 omnibus
938 447 1152 523 impedimentis

150 547 284 618 'exuunt;
320 557 516 622 repugnantes
548 547 625 604 diem
656 557 830 622 noctemque
860 545 1012 616 obsident;
1055 545 1152 603 multis

159 643 303 719 utrimque
321 643 476 703 interfectis
493 645 634 702 maiorem
652 645 864 702 multitudinem
885 653 1061 702 annatorum
1081 662 1151 702 con-

159 741 256 799 citant
299 746 349 800 43.
373 741 492 800 Interim
513 742 614 800 nuntio
636 741 730 812 allato,
752 759 855 800 omnes
877 758 977 798 eorum
997 741 1101 799 milites
1122 742 1178 815 in5

159 847 302 912 potestate
336 838 468 898 Caesaris
498 841 598 910 teneri,
629 849 803 898 concurrunt
835 839 874 898 ad
905 839 1051 909 Aristium,
1082 838 1151 896 nihil

158 936 274 1010 publico
289 936 398 995 factum
415 938 536 995 consilio
551 938 768 1007 demonstrant;
792 938 993 1011 quaestionem
1015 936 1151 995 debonis

160 1033 278 1108 direptis
307 1034 476 1105 decernunt,
504 1035 642 1094 Litavicci
671 1034 849 1110 fratrumque
883 1037 962 1093 bona
994 1035 1150 1110 publicant,

158 1129 271 1206 legatos
299 1131 336 1189 ad
362 1131 518 1190 Caesarem
547 1133 591 1192 sui
614 1133 757 1209 purgandi
781 1133 876 1208 gratia
899 1133 1023 1190 mittunt.
1067 1132 1150 1191 Haec

159 1225 268 1286 iaciunt
300 1231 556 1306 reciperandorum
589 1249 708 1288 suorum
741 1249 847 1301 causa3
884 1231 935 1288 sed
963 1231 1149 1289 contaminati
1166 1259 1195 1292 10

159 1324 286 1384 facinore
301 1337 329 1386 et
343 1328 419 1403 capti
434 1328 610 1404 compendio
625 1347 661 1386 ex
676 1328 793 1404 direptis
807 1329 900 1400 bonis,
913 1328 990 1404 quod
1005 1346 1098 1386 cares
1113 1328 1150 1386 ad

160 1423 266 1482 multos
286 1425 456 1500 pertinebat,
474 1427 580 1498 timore
600 1444 714 1502 poenae
735 1426 859 1490 exterriti
877 1426 997 1484 consilia
1018 1425 1092 1484 clam
1113 1426 1149 1483 de

159 1521 235 1579 bello
256 1523 328 1580 inire
349 1523 491 1599 incipiunt
512 1525 697 1599 civitatesque
718 1523 842 1598 reliquas
863 1523 1056 1599 legationibus
1074 1523 1149 1582 solli-

159 1620 254 1677 citant.
298 1619 383 1690 Quae
417 1623 531 1680 tametsi
566 1620 674 1680 Caesar
703 1621 894 1696 intellegebat,
930 1632 1027 1680 tamen
1061 1639 1150 1697 quam

158 1717 310 1775 mitissime
332 1728 428 1794 potest
449 1719 559 1794 legatos
583 1719 725 1795 appellat:
754 1720 824 1777 nihil
842 1739 873 1778 se
892 1730 1010 1796 propter
1026 1719 1149 1778 inscien-
1164 1742 1193 1793 15

158 1815 228 1876 tiam
242 1815 442 1892 levitatemque
457 1818 533 1893 vulgi
546 1819 660 1892 gravius
682 1817 718 1875 de
733 1818 845 1876 civitate
864 1819 989 1877 iudicare
1004 1837 1098 1895 neque
1113 1817 1150 1876 de

159 1930 211 1971 sua
243 1913 273 1970 in
307 1915 428 1972 Aeduos
461 1915 662 1973 benevolentia
694 1916 868 1974 deminuere.
911 1915 979 1992 Ipse
1010 1917 1149 1974 maiorem

159 2010 269 2069 Galliae
291 2021 404 2071 motum
425 2023 605 2090 exspectans
630 2032 667 2072 ne
690 2015 726 2072 ab
751 2015 887 2072 omnibus
912 2014 1070 2072 civitatibus
1096 2014 1149 2071 cir·

158 2110 379 2180 cumsisteretur,
405 2112 524 2170 consilia
548 2111 645 2182 inibat,
671 2111 918 2186 quemadmodum
942 2112 979 2168 ab
1004 2111 1149 2187 Gergovia

158 2206 318 2265 discederet
352 2227 386 2266 ac
421 2228 518 2268 mrsus
554 2227 672 2268 omnem
703 2210 858 2268 exercitum
892 2209 1079 2278 contraheret,
1111 2226 1148 2266 ne
1163 2232 1194 2268 20

158 2305 300 2380 profectio
322 2315 390 2364 nata
408 2309 445 2366 ab
464 2309 567 2366 timore
588 2307 757 2371 defectionis
776 2308 876 2366 similis
895 2308 981 2383 fugae
999 2305 1146 2366 videretur}

159 2412 210 2464 44
231 2407 315 2466 Haec
330 2409 468 2484 cogitanti
483 2409 613 2468 accidere
625 2410 685 2467 visa
699 2419 742 2467 est
753 2408 873 2468 facultas
886 2409 961 2466 bene
976 2408 1015 2466 rei
1026 2407 1148 2483 gerend-

157 2523 199 2562 ae.
244 2505 322 2564 Nam
338 2525 411 2565 cum
430 2508 460 2564 in
481 2509 593 2568 minora
614 2518 707 2566 castra
728 2508 825 2584 operis
847 2506 1040 2584 perspiciendi
1063 2523 1149 2564 causa

157 2603 290 2674 venisset,
302 2604 501 2663 animadvertit
513 2605 625 2675 collem,
637 2607 687 2682 qui
696 2607 732 2662 ab
743 2605 874 2664 hostibus
888 2605 1046 2674 tenebatur,
1058 2603 1154 2662 nuda-.

157 2710 219 2758 tum
233 2701 407 2773 hominibus,
422 2703 472 2778 qui
486 2703 679 2777 superioribus
695 2703 795 2761 diebus
810 2703 856 2762 vix
878 2721 946 2778 prae
967 2702 1147 2765 multitudine
1162 2720 1191 2770 ²5

158 2799 236 2857 cerni
268 2807 388 2874 poterat.
444 2800 610 2858 Admiratus
645 2801 754 2877 quaerit
789 2819 826 2860 ex
861 2801 989 2876 perfugis
1021 2817 1147 2870 causam,

157 2914 281 2972 quorum
298 2915 422 2972 magnus
437 2898 473 2956 ad
490 2916 557 2956 eum
577 2898 681 2956 cotidie
700 2917 837 2957 numerus
854 2898 1024 2956 confluebat.
1069 2895 1147 2956 Con-

157 2995 250 3052 stabat
269 2995 343 3052 inter
364 3013 475 3066 omnes,
496 2996 575 3072 quod
594 2997 652 3056 iam
670 2997 731 3071 ipse
751 2995 859 3055 Caesar
878 3015 930 3073 per
948 2995 1147 3070 exploratores

157 3104 342 3170 cognoverat,
362 3095 481 3154 dorsum
501 3114 564 3154 esse
584 3097 644 3154 eius
663 3096 722 3170 iugi
741 3114 832 3172 prope
847 3113 980 3171 aequum,
1000 3093 1052 3152 sed
1069 3093 1147 3151 hunc

157 3193 315 3252 silvestrem
336 3203 364 3252 et
383 3203 545 3269 angustum,
561 3213 619 3269 qua
636 3203 712 3252 esset
730 3193 823 3252 aditus
843 3189 884 3250 ad'
898 3192 1016 3250 alteram
1035 3199 1146 3266 partem
1159 3220 1191 3267 30

157 3291 273 3366 oppidi;
302 3291 486 3349 vehementer
509 3291 575 3349 huic
600 3291 664 3349 illos
688 3291 754 3350 loco
778 3291 878 3348 timere
902 3307 957 3346 nec
984 3289 1042 3346 iarn
1066 3287 1146 3346 aliter

158 3390 271 3460 sentire,
292 3407 352 3447 uno
372 3389 445 3448 colle
464 3390 501 3448 ab
519 3389 661 3448 Romanis
678 3397 829 3464 occupato,
852 3388 876 3445 si
893 3387 1013 3446 alterurn
1034 3387 1146 3444 amisis·

158 3496 229 3558 sent,
249 3487 319 3564 quin
338 3505 431 3562 paene
449 3487 651 3546 circumvallati
670 3496 756 3563 atque
777 3485 859 3544 omni
878 3485 957 3544 exitu
977 3495 1006 3546 et
1027 3485 1145 3562 pabula·
