2634 3914
200 283 259 363 148
519 297 549 345 o.
572 297 665 344 rurrr
686 295 858 344 euasurus
1129 300 1187 344 vn.

196 447 324 506 tantibus
341 445 433 518 nobis,
456 446 536 523 quod
551 447 673 522 dignum
687 446 827 504 memoria
840 445 932 503 visum
947 443 1188 520 praetereundum

196 559 257 604 non
289 546 522 604 existimavimus.
565 544 694 616 Quidam
721 554 788 602 ante
817 554 930 620 portam
958 543 1060 620 oppidi
1088 542 1188 601 Gallus

198 659 251 718 per
268 659 373 701 manus
392 642 451 701 sevi
468 659 503 700 ac
521 641 731 718 picisuaditas
750 641 850 716 glebas
869 641 1016 715 inignem
1035 659 1051 699 e
1070 641 1189 716 regione

197 743 281 801 turris
302 741 478 818 proiciebat:
507 741 660 817 scorpione
681 743 719 798 ab
743 740 831 798 latere
856 740 957 798 dextro
982 739 1116 798 traiectus
1141 757 1189 798 ex·

168 841 396 915 sanimatusque
425 839 559 898 concidit.
602 838 693 897 Hunc
717 857 753 897 ex
778 838 917 914 proximis
941 856 1018 895 unus
1046 838 1188 896 iacentem

196 917 390 1014 transgressus
411 935 516 995 eodem
535 936 583 994 illo
602 953 723 994 munere
743 935 933 1012 fungebatur;
956 937 1057 994 eadem
1079 935 1188 994 ratione

197 1036 256 1094 ictu
280 1035 441 1110 scorpionis
470 1033 634 1093 exanimato
659 1033 738 1092 alteri
767 1033 906 1092 successit
929 1034 1027 1091 tertius
1052 1041 1081 1090 et
1104 1034 1187 1092 tertio

90 1191 92 1198 ,
198 1143 323 1210 quartus,
343 1151 397 1190 nec
412 1133 491 1209 prius
511 1131 556 1190 ille
571 1141 615 1190 est
629 1149 646 1188 a
660 1133 927 1208 propugnatoribus
947 1149 1055 1190 vacuus
1074 1133 1186 1190 relictus

197 1231 286 1300 laeua,
309 1247 396 1307 quam
410 1230 546 1288 restincto
565 1247 670 1304 aggere
684 1239 770 1304 atque
785 1229 865 1286 omni
879 1247 915 1286 ex
935 1238 1016 1304 parte
1036 1230 1188 1288 summotis

155 1348 185 1386 ιο
197 1327 327 1388 hostibus
342 1328 406 1386 finis
418 1337 461 1387 est
474 1327 624 1404 pugnandi
639 1326 739 1385 sactus.
782 1331 833 1386 26.
856 1326 964 1386 Omnia
977 1329 1088 1403 experti
1103 1327 1187 1398 Galli,

198 1426 277 1504 quod
293 1445 339 1485 res
360 1426 439 1484 nulla
460 1434 645 1495 successerat,
667 1433 785 1500 postero
807 1426 854 1484 die
876 1426 1028 1484 consilium
1049 1438 1188 1503 ceperunt

198 1543 235 1582 ex
263 1525 373 1601 oppido
398 1523 561 1601 profugere,
586 1522 718 1580 hortante
742 1533 771 1581 et
798 1524 915 1582 iubente
939 1523 1186 1601 Vercingetorige.

198 1621 234 1680 Id
258 1622 370 1680 silentio
395 1623 488 1680 noctis
513 1621 611 1679 conati
635 1639 696 1679 non
719 1639 828 1698 magna
851 1623 959 1680 iactura
984 1641 1103 1681 suorum
1124 1641 1188 1682 sese

199 1719 353 1778 effecturos
377 1720 538 1795 sperabant,
554 1728 707 1794 propterea
720 1720 802 1795 quod
815 1738 909 1795 neque
925 1719 1012 1796 longe
1028 1721 1064 1778 ab
1078 1721 1187 1797 oppido

156 1843 184 1892 15
199 1827 292 1876 castra
320 1818 568 1894 Vercingetorigis
600 1819 727 1890 aberant,
761 1826 790 1876 et
821 1818 913 1894 paluS,
942 1836 1017 1894 quae
1049 1830 1189 1894 perpetua

199 1917 402 1987 intercedebat,
427 1916 577 1975 Romanos
598 1916 636 1975 ad
655 1915 867 1991 insequendum
885 1916 1024 1975 tardabat.
1067 1917 1189 1994 Iamque

199 2014 256 2074 hoc
280 2014 373 2072 facere
398 2024 488 2073 noctu
512 2014 698 2090 apparabant,
723 2033 790 2072 cum
816 2014 1045 2073 matresfamiliae
1069 2027 1188 2091 repente

199 2113 230 2170 in
257 2113 405 2188 publicum
432 2121 636 2188 procurrerunt
669 2111 830 2188 flentesque
858 2113 1005 2188 proiectae
1033 2113 1070 2170 ad
1098 2114 1189 2188 pedes

201 2227 320 2269 suorum
344 2212 480 2268 omnibus
504 2193 637 2287 precibus
661 2211 813 2286 petierunt,
838 2229 876 2268 ne
904 2228 935 2289 se
963 2220 991 2268 et
1018 2229 1190 2270 communes

158 2333 188 2370 ro
201 2309 305 2367 liberos
320 2308 449 2366 hostibus
463 2308 501 2366 ad
521 2308 693 2384 supplicium
708 2308 854 2378 dederent,
870 2325 944 2382 quos
958 2308 996 2366 ad
1017 2309 1190 2384 capiendam

201 2402 301 2482 sugam
324 2416 442 2464 naturae
463 2415 492 2463 et
512 2405 613 2462 virium
637 2405 784 2466 infirmitas
806 2406 966 2481 impediret.
1008 2406 1067 2464 Ubi
1086 2425 1137 2465 eos
1159 2407 1191 2464 in

202 2503 343 2561 sententia
374 2512 500 2577 perstare
532 2503 671 2572 viderunt,
699 2503 779 2579 quod
811 2503 979 2579 plerumque
1010 2505 1040 2561 in
1072 2522 1191 2563 summo

202 2601 329 2676 periculo
356 2601 440 2658 timor
468 2601 693 2660 misericordiam
721 2619 782 2660 non
813 2602 922 2677 recipit,
951 2602 1132 2660 conclamare
1161 2611 1193 2660 et

202 2697 362 2774 significare
401 2699 437 2756 de
476 2698 546 2774 fuga
580 2698 722 2757 Romanis
757 2709 924 2776 coeperunt.
977 2699 1047 2771 Quo
1085 2701 1192 2759 timore

158 2823 187 2874 ²5
201 2797 339 2873 perterriti
359 2795 444 2867 Galli,
466 2815 504 2855 ne
525 2797 562 2854 ab
583 2798 711 2874 equitatu
731 2797 933 2856 Romanorum
949 2799 1013 2856 viae
1032 2816 1192 2876 praeoccu-

200 2906 342 2971 parentur,
361 2897 481 2954 consilio
499 2895 674 2956 destitemnt.
716 2903 766 2957 27.
787 2895 907 2955 Postero
927 2897 973 2954 die
988 2895 1097 2954 Caesar
1120 2915 1193 2972 pro-

200 3001 290 3050 mota'
312 2995 380 3051 turri
408 2995 580 3070 directisque
610 2994 757 3070 operibus,
790 3012 864 3070 quae
893 2993 987 3051 lacere
1019 2993 1192 3064 instituerat,

201 3107 309 3166 magno
324 3101 425 3150 coorto
445 3093 536 3150 imbre
557 3110 618 3150 non
632 3093 761 3150 inutilem
779 3091 855 3149 hanc
875 3091 912 3150 ad
930 3091 1104 3166 capiendum
1118 3109 1194 3149 con-

201 3183 294 3245 silium
321 3175 521 3264 tempestatem
555 3189 704 3247 arbitratus
737 3199 788 3260 est,
822 3189 902 3265 quod
929 3189 1015 3264 paulo
1045 3189 1194 3248 incautius

157 3309 190 3364 30
202 3285 346 3344 custodias
364 3287 394 3343 ln
408 3303 492 3346 muro
512 3285 666 3360 dispositas
682 3286 802 3356 videbat,
824 3305 950 3362 suosque
971 3286 1136 3361 languidius
1157 3287 1194 3346 in

201 3401 289 3458 opere
309 3384 413 3442 versari
434 3384 515 3441 iussit
536 3393 572 3452 et,
594 3383 665 3458 quid
686 3383 745 3441 fieri
762 3384 853 3455 vellet,
873 3384 1007 3443 ostendit.
1049 3383 1194 3459 Legioni·

202 3483 313 3556 busque
324 3483 397 3538 inter
409 3491 503 3539 castra
516 3482 671 3557 vineasque
685 3482 715 3538 in
728 3483 843 3542 occulto
857 3484 998 3559 expeditis
1009 3482 1196 3555 cohortatus,

202 3587 233 3635 ut
253 3577 407 3654 aliquando
428 3597 482 3654 pro
504 3579 589 3638 tantis
611 3579 758 3640 laboribus
779 3581 901 3640 fructum
919 3581 1053 3640 victoriae
1074 3581 1196 3658 percip-
