2606 3934
132 195 269 294 28-31.
378 224 425 271 nu
445 223 554 272 auaro
577 223 727 272 asiarco
748 224 858 273 corun.
881 224 904 272 r.
1073 225 1110 292 17

131 371 300 448 Intellegere
323 389 395 444 sese,
417 373 530 432 tametsi
549 391 602 449 pro
622 374 765 432 veteribus
786 373 985 432 Helvetiorum
1004 372 1114 430 iniuriis

131 468 231 542 populi
252 468 378 526 Romani
401 470 439 527 ab
457 469 502 528 his
523 487 634 545 poenas
653 470 729 528 bello
750 470 907 546 repetisset,
929 479 1027 527 tamen
1048 487 1114 527 eam

131 582 191 622 rem
212 583 273 623 non
286 566 382 624 minus
396 585 432 624 ex
452 584 508 625 usu
526 576 617 624 terrae
633 566 743 625 Galliae
762 584 850 643 quam
867 566 966 641 populi
986 564 1114 624 Romani

131 662 278 733 accidisse,
300 673 453 740 propterea
474 663 554 740 quod
581 681 617 722 eo
645 663 766 722 consilio
790 662 999 721 florentissimis
1026 662 1113 720 rebus

130 759 235 817 domos
270 777 336 818 suas
371 760 496 819 Helvetii
529 761 718 836 reliquissent,
753 761 794 818 uti
821 761 873 818 toti
908 759 1018 819 Galliae
1031 797 1038 808 ·
1051 760 1138 818 bel-5

128 855 188 912 lum
217 856 354 915 inferrent
387 858 566 934 imperioque
597 859 756 934 potirentur
783 858 938 932 locumque
966 855 1110 914 domicilio

128 971 166 1010 ex
186 971 294 1029 magna
307 956 393 1031 copia
413 956 577 1032 deligerent,
592 974 680 1031 quem
700 974 736 1013 ex
756 955 837 1012 omni
858 954 952 1013 Gallia
972 962 1111 1029 opportu-

127 1051 279 1108 nissimum
304 1071 338 1111 ac
359 1053 618 1112 fructuosissimum
638 1053 820 1122 iudicassent,
841 1052 1022 1127 reliquasque
1043 1049 1110 1108 civi·

127 1156 200 1206 tates
222 1150 421 1224 stipendiarias
446 1151 591 1209 haberent.
634 1149 788 1219 Petierunt,
816 1159 848 1208 ut
875 1150 928 1206 sibi
956 1148 1110 1207 concilium

127 1247 214 1303 totius
229 1245 338 1305 Galliae
352 1248 382 1305 in
396 1248 477 1306 diem
489 1257 596 1306 certam
610 1247 736 1304 indicere
750 1247 837 1322 idque
858 1245 989 1304 Caesaris
1009 1245 1109 1303 volun·
1124 1261 1153 1296 ιο

126 1351 183 1400 tate
203 1342 296 1400 lacere
315 1343 429 1403 liceret:
451 1362 514 1402 sese
534 1343 638 1402 habere
656 1343 797 1419 quasdam
817 1361 871 1413 res,
886 1361 959 1418 quas
975 1361 1011 1401 ex
1030 1361 1109 1401 com-

125 1439 206 1496 muni
221 1457 367 1499 consensu
380 1441 417 1498 ab
438 1458 475 1500 eo
496 1449 593 1516 petere
608 1441 721 1498 vellent.
762 1439 806 1498 Ea
827 1458 856 1498 re
871 1441 1011 1516 permissa
1032 1439 1109 1496 diem

125 1537 249 1595 concilio
263 1539 471 1596 constituerunt
485 1581 492 1596 .
507 1582 514 1597 .
530 1581 537 1594 .
553 1581 560 1596 .
575 1547 602 1596 et
616 1537 805 1608 iureiurand0,
820 1555 857 1595 ne
871 1537 936 1612 quis
950 1538 1109 1595 enuntiaret

125 1635 180 1693 nisi
195 1636 299 1710 quibus
314 1637 461 1694 communi
476 1635 595 1694 consilio
610 1635 778 1692 mandatum
792 1645 876 1706 esset,
891 1635 963 1692 inter
977 1652 1008 1693 se
1022 1652 1108 1692 sanx-

125 1741 215 1790 erunt.
258 1739 304 1792 31.
331 1733 377 1791 Eo
405 1733 528 1792 concilio
551 1731 670 1790 dimisso
692 1731 769 1790 idem
790 1732 933 1808 principes
954 1732 1105 1803 civitatum,
1121 1745 1150 1796 15

123 1831 173 1905 qui
194 1839 261 1888 ante
278 1830 397 1900 fuerant,
413 1829 450 1887 ad
472 1829 627 1888 Caesarem
640 1839 815 1887 reverterunt
836 1829 1044 1906 petieruntque,
1066 1829 1107 1887 uti

124 1929 177 1986 sibi
203 1938 313 1986 secreto
334 1929 364 1986 in
385 1928 499 1986 occulto
522 1928 558 1985 de
579 1945 632 1986 sua
652 1928 841 2003 omniumque
869 1929 958 1987 salute
983 1947 1050 1986 cum
1070 1947 1106 1987 eo

123 2042 210 2098 agere
230 2025 333 2082 liceret.
376 2023 422 2082 Ea
437 2043 468 2082 re
489 2025 639 2099 impetrata
661 2042 724 2081 sese
745 2042 847 2082 omnes
867 2025 969 2082 flentes
990 2023 1106 2084 Caesari

122 2121 161 2179 ad
193 2121 282 2196 pedes
306 2120 504 2196 proiecerunt:
537 2119 608 2177 Non
634 2121 730 2178 minus
758 2139 789 2178 se
816 2121 846 2178 id
873 2121 1050 2180 contendere
1078 2133 1106 2181 et

121 2219 259 2287 laborare,
275 2236 312 2275 ne
333 2235 376 2286 ea,
391 2234 465 2292 quae
487 2216 632 2285 dixissent,
652 2217 873 2288 enuntiarentur,
895 2235 983 2293 quam
1001 2219 1041 2276 uti
1062 2237 1105 2289 ea,
1120 2239 1150 2274 πο

121 2336 197 2392 quae
224 2317 336 2388 vellent,
364 2316 558 2391 impetrarent,
586 2324 738 2391 propterea
765 2316 852 2391 quod,
876 2317 899 2375 si
927 2321 1106 2378 enuntiatum

121 2425 205 2485 esset,
221 2433 366 2472 summurn
380 2413 410 2470 in
424 2414 580 2471 cruciatum
600 2430 630 2470 se
644 2422 779 2471 venturos
798 2413 934 2473 viderent.
977 2414 1105 2476 Locutus

121 2522 165 2572 est
183 2529 237 2587 pro
258 2511 302 2569 his
322 2510 479 2569 Divitiacus
496 2511 632 2569 Aeduus:
655 2509 766 2568 Galliae
780 2511 866 2570 totius
886 2512 1025 2571 factiones
1041 2533 1105 2574 esse

121 2611 209 2668 duas:
230 2608 333 2666 harum
354 2608 468 2666 alterius
490 2609 683 2684 principatum
710 2616 807 2666 tenere
835 2609 962 2681 Aeduos,
991 2612 1104 2672 alterius

120 2708 274 2765 Arvernos.
317 2704 359 2762 Hi
380 2723 446 2764 cum
466 2714 614 2780 tantopere
636 2705 672 2762 de
691 2715 841 2780 potentatu
858 2707 930 2765 inter
949 2725 980 2766 se
998 2709 1104 2767 multos
1117 2728 1146 2777 2⁵

119 2821 214 2862 annos
228 2802 442 2873 contenderent,
457 2801 564 2861 laetum
576 2820 640 2860 esse
653 2801 694 2858 uti
705 2803 742 2868 ab
757 2803 892 2862 Arvernis
905 2803 1103 2881 Sequanisque

120 2901 259 2960 Germani
294 2900 428 2958 mercede
456 2910 674 2958 arcesserentur.
728 2899 844 2958 Homm
871 2902 965 2976 primo
994 2903 1103 2961 circiter

121 2998 198 3054 milia
222 3015 261 3054 xv
284 2995 421 3054 Rhenum
441 2996 593 3054 transisse:
621 3006 811 3073 posteaquam
832 3015 918 3072 agros
946 3008 974 3056 et
995 2999 1103 3057 cultum

119 3102 148 3152 et
174 3094 272 3168 copias
299 3093 449 3152 Gallorum
471 3092 604 3151 homines
631 3094 682 3152 feri
710 3112 744 3152 ac
770 3094 883 3152 barbari
910 3095 1101 3167 adamassem,

119 3191 265 3248 traductos
292 3191 405 3266 plures:
440 3209 518 3248 nunc
545 3209 609 3249 esse
636 3191 665 3249 in
690 3191 784 3250 Gallia
807 3191 844 3248 ad
869 3201 984 3250 centum
1009 3202 1038 3250 et
1062 3211 1100 3252 xx
1114 3224 1146 3272 30

116 3288 229 3346 milium
258 3305 417 3346 numemm.
460 3287 535 3346 Cum
568 3288 613 3347 his
645 3289 765 3346 Aeduos
798 3305 956 3364 eorumque
984 3289 1100 3348 clientes

117 3387 207 3446 semel
222 3396 306 3461 atque
321 3387 424 3444 iterum
435 3386 521 3444 armis
535 3387 740 3458 contendisse,
762 3405 899 3462 magnam
908 3386 1100 3445 calamitatem

116 3485 216 3563 pulsos
250 3483 404 3560 accepisse,
432 3501 551 3541 omnem
585 3483 770 3555 nobilitatem,
805 3501 924 3543 omnem
958 3494 1098 3557 senatum,

594 3594 612 3638 0
