2634 3914
127 230 212 296 μό.
345 246 390 292 ns
411 247 519 301 antro
543 247 691 298 esurreo
714 248 823 300 court.
847 249 894 297 rr.
1063 241 1101 319 67

125 399 151 448 et
179 391 322 460 Tencteri,
351 407 425 470 quos
457 413 544 472 supra
575 397 706 468 diximus,
735 398 783 473 qui
815 398 978 474 complures
1009 419 1102 460 annos

126 488 280 576 Sueborum
310 492 368 552 vim
401 495 612 567 sustinuerunt;
648 496 686 554 ad
713 506 872 556 extremum
899 507 996 558 tamen
1027 501 1103 574 agris

125 590 229 664 expulsi
260 600 289 652 et
318 592 414 654 multis
446 593 517 653 locis
549 592 722 655 Germaniae
751 595 905 654 triennium
938 599 1033 672 vagati
1066 599 1104 656 ad

125 687 255 752 Rhenum
283 699 491 765 pervenerunt3
523 709 595 767 quas
622 692 755 767 regiones
783 691 912 768 Menapii
940 695 1104 766 incolebant

125 794 151 846 et
175 786 212 844 ad
239 795 389 862 utramque
417 789 509 863 ripam
536 788 661 848 fluminis
688 807 782 864 agros,
811 790 941 850 aedificia
968 793 1131 867 vicosquc5

125 881 272 956 habebant,
302 885 356 942 sed
385 894 480 946 tantae
512 886 699 946 multitudinis
731 887 809 946 aditu
840 889 980 964 perterriti
1007 908 1043 947 ex
1072 890 1106 946 iis

124 983 263 1055 aediliciis,
288 1003 363 1061 quae
386 994 464 1044 trans
489 984 598 1045 flumen
626 985 793 1057 habuerant,
818 985 1050 1062 demigraverunt
1078 999 1106 1046 et

125 1083 163 1143 cis
184 1081 321 1143 Rhenum
342 1083 488 1159 dispositis
513 1083 661 1158 praesidiis
682 1081 847 1142 Germanos
867 1086 986 1144 transire
1010 1085 1106 1160 prohi-

124 1181 235 1241 bebant.
278 1181 323 1240 Illi
342 1182 441 1242 omnia
459 1181 569 1257 experti
583 1199 650 1239 cum
668 1198 763 1256 neque
782 1181 809 1238 vi
830 1183 1005 1241 contendere
1020 1200 1106 1258 prop-

125 1287 165 1337 ter
185 1279 313 1356 inopiam
335 1281 451 1340 navium
470 1297 564 1354 neque
586 1278 662 1337 clam
681 1278 801 1338 transire
822 1288 940 1354 propter
961 1281 1107 1338 custodias
1122 1303 1151 1336 10

125 1375 327 1452 Menapiorum
354 1387 483 1452 possent,
509 1376 610 1435 reverti
639 1393 670 1435 se
698 1376 728 1436 in
756 1393 822 1435 suas
851 1376 934 1436 sedes
962 1377 1106 1452 regiones-

125 1491 180 1549 que
199 1474 408 1544 simulaverunt,
429 1483 458 1533 et
476 1474 560 1535 tridui
574 1474 649 1532 viam
663 1473 809 1549 progressi
823 1491 919 1532 rursus
934 1483 1106 1532 reverterunt

124 1581 208 1646 etque
227 1573 307 1632 omni
326 1571 382 1632 hoc
401 1573 501 1630 itinere
522 1591 580 1632 una
598 1579 685 1630 nocte
703 1571 831 1646 equitatu
850 1571 983 1630 confecto
1002 1566 1107 1629 inscios

124 1657 363 1745 inopinantesque
381 1669 535 1746 Menapios
550 1677 762 1745 oppresserunt,
777 1669 827 1746 qui
845 1670 880 1728 de
895 1669 1108 1728 Germanorum

124 1768 253 1830 discessu
280 1785 332 1844 per
360 1768 555 1843 exploratores
583 1767 716 1826 certiores
742 1766 809 1826 faeti
837 1768 898 1826 sine
925 1759 1004 1826 metu
1030 1776 1108 1824 trans
1124 1791 1152 1838 15

124 1864 260 1924 Rhenum
269 1865 298 1924 in
310 1883 378 1924 suos
387 1866 465 1924 vicos
474 1865 703 1940 remigraverant
747 1863 803 1923 His
813 1863 968 1922 interfectis
976 1865 1109 1922 navibus-

125 1981 181 2038 que
201 1981 302 2022 eorum
321 1963 478 2038 occupatis,
493 1963 663 2039 priusquam
677 1979 713 2020 ea
728 1980 795 2037 pars
809 1961 1020 2037 Menapiorum,
1035 1979 1109 2036 quae

72 2044 75 2050 ’
124 2061 196 2122 citra
216 2059 353 2120 Rhenum
374 2069 449 2132 erat,
467 2060 571 2118 certior
592 2060 679 2129 fieret,
701 2059 810 2118 flumen
830 2061 1002 2118 transierunt
1023 2069 1109 2133 atque

123 2159 261 2218 omnibus
280 2175 380 2218 eorum
399 2158 534 2218 aedificiis
553 2157 702 2233 occupatis
721 2157 859 2232 reliquam
878 2166 991 2232 partem
1008 2156 1110 2214 hiemis

124 2275 155 2318 se
170 2274 272 2317 eorum
287 2257 378 2331 copiis
393 2257 529 2315 aluenmt.
1125 2280 1154 2313 20

166 2361 196 2414 5.
218 2353 274 2414 His
286 2354 322 2412 de
332 2355 417 2414 rebus
432 2354 539 2414 Caesar
551 2355 654 2414 certior
664 2354 756 2414 factus
767 2363 795 2413 et
809 2354 1003 2412 infirmitatem
1012 2353 1110 2413 Gallo-

122 2471 188 2512 rum
202 2452 314 2523 veritus,
330 2453 409 2528 quod
423 2461 489 2511 sunt
503 2454 533 2511 in
551 2453 676 2512 consiliis
691 2453 838 2528 capiendis
852 2451 974 2514 mobiles
988 2461 1016 2509 et
1030 2455 1114 2512 novis·

122 2550 294 2626 plerumque
308 2551 393 2610 rebus
408 2550 530 2621 student,
541 2549 611 2608 nihil
625 2551 670 2609 his
680 2550 919 2616 committendum
933 2549 1111 2610 existimavit.

122 2647 178 2708 Est
199 2649 276 2708 enim
296 2647 353 2708 hoc
375 2645 502 2707 Gallicae
523 2648 745 2718 consuetudinis,
767 2648 808 2704 uti
829 2656 859 2705 et
879 2647 1002 2708 viatores
1025 2649 1112 2706 etiam

122 2745 229 2804 invitos
249 2745 405 2804 consistere
426 2754 533 2820 cogant
552 2754 589 2816 et,
604 2745 673 2822 quid
687 2745 808 2820 quisque
823 2762 924 2803 eorum
943 2745 979 2802 de
998 2763 1112 2822 quaque
1127 2765 1156 2814 ²5

121 2863 154 2902 re
170 2843 290 2902 audierit
304 2853 353 2900 aut
369 2843 544 2917 cognoverit,
559 2853 706 2918 quaerant,
721 2851 750 2901 et
768 2851 941 2900 mercatores
955 2842 985 2898 in
999 2845 1113 2919 oppidis

121 2939 228 3015 vulgus
243 2940 431 3000 circumsistat
444 2940 604 3014 quibusque
619 2957 655 2996 ex
674 2939 840 3014 regionibus
854 2939 972 3020 veniant
985 2958 1114 3016 quasque

121 3039 166 3098 ibi
187 3056 232 3098 res
253 3037 447 3114 cognoverint,
469 3036 654 3111 pronuntiare
675 3046 789 3111 cogant.
833 3034 890 3094 His
916 3037 1002 3095 rebus
1028 3047 1113 3113 atque

121 3136 320 3196 auditionibus
333 3135 456 3210 permoti
471 3133 506 3192 de
521 3134 640 3192 summis
661 3152 747 3209 saepe
769 3133 854 3192 rebus
874 3134 993 3192 consilia
1006 3136 1114 3209 ineunt,

120 3251 251 3313 quorum
271 3251 323 3292 eos
342 3233 372 3292 in
391 3232 512 3306 vestigio
533 3232 680 3308 poenitere
701 3216 820 3290 necesse
841 3240 893 3302 est,
914 3249 979 3288 cum
1001 3232 1115 3293 incertis
1129 3261 1159 3310 30

119 3332 289 3390 rumoribus
304 3331 433 3401 serviant,
462 3339 490 3388 et
517 3330 644 3406 plerique
668 3330 706 3387 ad
726 3330 902 3388 voluntatem
926 3347 1027 3386 eorum
1051 3332 1116 3394 freta

118 3429 330 3504 respondeant.
372 3434 401 3487 6.
423 3426 490 3498 Qua
506 3427 713 3486 consuetudine
730 3427 846 3502 cognita
863 3424 977 3497 Caesar,
994 3446 1031 3486 ne
1052 3449 1116 3506 gra.

119 3527 198 3586 viori
217 3526 292 3586 bello
311 3527 487 3597 occurreret,
499 3525 645 3594 maturius,
665 3542 752 3600 quam
772 3532 932 3595 consuerat,
952 3525 988 3584 ad
1006 3530 1114 3588 exerci.

597 3637 615 3678 r
631 3639 646 3678 a
