2634 3914
206 203 247 267 66
534 215 561 262 c.
585 215 678 262 rnrrr
697 213 869 262 cassinis
1141 217 1177 265 1v.

207 367 327 425 omnino
348 375 448 425 contra
471 365 647 424 voluntatem
668 365 781 436 faciant,
801 373 830 422 et
852 365 926 424 vires
951 363 998 423 alit
1022 373 1050 422 et
1073 363 1181 422 immani

208 483 361 541 corporum
395 463 593 539 magnitudine
626 463 759 521 homines
794 462 887 520 efficit.
939 461 1035 540 Atque
1066 463 1096 520 in
1124 481 1182 521 earn

208 582 239 621 se
260 562 499 621 consuetudinem
523 560 712 630 adduxerunt,
732 569 764 617 ut
788 559 859 618 locis
883 559 1073 636 frigidissimis
1097 578 1182 636 neque

207 662 325 720 vestitus
349 669 460 736 praeter
484 658 564 735 pellis
588 657 726 716 haberent
749 659 913 735 quicquam,
936 677 1056 734 quarum
1077 669 1183 735 propter

182 778 195 828 5
209 760 392 836 exiguitatem
408 776 516 834 magna
533 766 577 815 est
594 758 722 833 corporis
738 775 805 833 pars
821 767 929 834 aperta,
943 768 971 816 et
985 758 1140 816 lavarentur
1156 758 1184 815 in

208 859 381 916 fluminibus.
423 862 451 913 2.
473 855 682 913 Mercatoribus
702 864 746 913 est
766 855 859 914 aditus
878 857 972 931 magis
993 873 1036 926 e0,
1059 865 1097 925 ut,
1119 873 1185 932 quae

209 955 284 1013 bello
309 955 443 1032 ceperint,
465 954 568 1029 quibus
592 953 725 1023 vendant,
750 952 882 1022 habeant,
905 971 992 1028 quam
1020 970 1079 1030 quo
1106 952 1186 1010 ullam

210 1072 270 1112 rem
305 1053 342 1111 ad
376 1070 406 1110 se
437 1051 585 1127 importari
614 1049 787 1109 desiderent.
826 1049 906 1121 Quin
936 1051 1022 1109 etiam
1052 1051 1186 1121 iumentis,

210 1151 312 1226 quibus
336 1149 461 1207 maxime
482 1148 556 1207 Galli
582 1148 756 1206 delectantur
780 1165 911 1224 quaeque
936 1148 1069 1224 impenso
1093 1157 1189 1224 parant

169 1277 198 1310 10
210 1247 310 1324 preti0,
327 1246 464 1306 Germani
480 1246 641 1322 importatis
658 1261 719 1304 non
735 1253 859 1315 utuntur,
875 1246 926 1304 sed
943 1264 1018 1322 quae
1035 1256 1102 1304 sunt
1118 1245 1191 1321 apud

211 1363 262 1404 eos
278 1354 354 1418 nata,
368 1363 456 1421 parva
472 1353 557 1420 atque
576 1343 723 1414 deformia,
741 1342 812 1402 haec
830 1343 976 1402 cotidiana
992 1344 1191 1403 exercitatione

211 1444 315 1501 summi
336 1453 368 1501 ut
389 1443 446 1500 sint
466 1442 572 1500 laboris
593 1441 725 1500 efficiunt.
767 1441 957 1518 Equestribus
974 1442 1090 1518 proeliis
1109 1459 1193 1517 saepe

212 1561 247 1599 ex
269 1541 350 1616 equis
372 1539 505 1598 desiliunt
524 1557 559 1598 ac
579 1539 700 1616 pedibus
719 1539 903 1615 proeliantur,
924 1557 1072 1616 equosque
1093 1539 1195 1598 eodem

212 1651 366 1698 remanere·
379 1637 499 1712 vestigio
523 1636 744 1708 assuefecenrnt,
766 1635 803 1694 ad
827 1653 901 1712 quos
922 1655 953 1696 se
974 1638 1108 1708 celeriter,
1129 1657 1197 1696 cum

171 1767 199 1815 15
213 1754 282 1794 usus
296 1745 347 1806 est,
362 1735 501 1811 recipiunt
509 1753 517 1806 ;
539 1751 633 1810 neque
651 1751 751 1792 eorum
770 1735 899 1794 moribus
916 1736 1026 1812 turpius
1043 1737 1199 1812 quicquam

214 1843 262 1892 aut
276 1834 393 1892 inertius
407 1833 534 1904 habetur,
550 1851 637 1908 quam
653 1831 794 1908 ephippiis
808 1833 856 1891 uti.
900 1833 1002 1912 Itaque
1018 1834 1054 1891 ad
1069 1835 1201 1910 quemvis

214 1949 366 1989 numerum
398 1927 628 2007 ephippiatorum
664 1930 791 2005 equitum
829 1931 958 2006 quamvis
998 1931 1083 2007 pauci
1119 1931 1203 1992 adire

214 2029 328 2087 audent.
370 2027 479 2085 Vinum
500 2027 538 2086 ad
558 2045 589 2085 se
608 2027 728 2086 omnino
748 2027 896 2104 importari
917 2047 978 2086 non
997 2029 1101 2102 sinunt,
1121 2029 1206 2106 quod

214 2145 248 2185 ea
275 2145 305 2184 re
329 2123 367 2185 ad
394 2125 522 2184 laborem
550 2125 700 2183 ferendum
727 2125 925 2184 remollescere
953 2126 1086 2186 homines
1114 2137 1208 2204 atque

172 2254 202 2288 πο
214 2223 372 2283 effeminari
399 2225 575 2282 arbitrantur.
631 2229 660 2282 3.
681 2221 800 2280 Publice
819 2224 976 2281 maximam
1004 2233 1106 2300 putant
1138 2245 1209 2286 esse

215 2323 338 2394 laudern,
360 2339 448 2398 quarn
471 2321 608 2379 latissime
629 2339 647 2378 a
672 2321 730 2378 suis
754 2321 861 2379 finibus
884 2340 986 2380 vacare
1011 2341 1115 2399 agros:
1148 2323 1211 2384 hae

215 2439 245 2478 re
260 2419 413 2495 significari
423 2437 561 2494 magnum
576 2436 727 2476 numerum
740 2419 883 2476 civitatum
894 2437 976 2477 suam
990 2421 1048 2478 virn
1062 2422 1213 2480 sustinere

216 2536 277 2576 non
304 2535 399 2593 posse.
440 2516 542 2592 ltaque
565 2535 624 2575 una
647 2535 683 2575 ex
707 2525 787 2592 parte
813 2535 831 2574 a
859 2515 961 2575 Suebis
986 2517 1096 2576 circiter
1125 2521 1217 2580 milia

217 2634 354 2692 passuum
369 2625 504 2674 sexcenta
517 2615 578 2691 agri
591 2633 691 2674 vacare
706 2615 845 2673 dicuntur.
887 2613 936 2673 Ad
954 2615 1073 2674 alteram
1089 2627 1220 2692 partem

174 2741 203 2789 25
219 2713 376 2772 succedunt
394 2709 470 2783 Ubii,
486 2731 608 2789 quorum
627 2713 679 2770 fuit
701 2713 798 2771 civitas
818 2711 915 2788 ampla
934 2722 1020 2790 atque
1039 2713 1163 2788 florenS,
1185 2727 1223 2776 ut
1257 2737 1260 2742 ’

218 2821 261 2871 est
288 2821 388 2888 captus
417 2807 636 2882 Germanorum,
665 2819 693 2868 et
724 2810 811 2887 paulo
840 2821 906 2869 sunt
932 2810 1062 2876 eiusdem
1089 2815 1225 2888 generis

219 2907 319 2968 ceteris
353 2907 546 2979 humaniores,
580 2917 734 2984 propterea
768 2907 847 2984 quod
881 2907 1017 2967 Rhenum
1052 2911 1227 2987 attingunt,

217 3010 395 3084 multumque
423 3006 461 3064 ad
488 3024 539 3064 eos
567 3016 741 3065 mercatores
769 3008 914 3079 ventitant,
944 3018 972 3066 et
1003 3009 1058 3084 ipsi
1085 3023 1231 3087 propter

217 3107 460 3184 propinquitatem
482 3101 599 3163 Gallicis
619 3115 685 3162 sunt
705 3105 833 3163 moribus
854 3105 1014 3166 assuefacti.
1057 3105 1127 3167 Hos
1144 3129 1233 3169 cum

175 3229 206 3277 30
220 3203 306 3263 Suebi
336 3201 432 3260 multis
464 3219 550 3276 saepe
581 3201 662 3262 bellis
693 3203 801 3278 experti
834 3212 952 3279 propter
985 3205 1237 3280 amplitudinem

219 3303 442 3382 gravitatemque
474 3297 593 3357 civitatis
623 3298 727 3357 finibus
761 3300 902 3376 expellere
937 3319 998 3359 non
1032 3305 1238 3379 potuissent,

220 3411 317 3459 tamen
343 3395 496 3474 vectigales
524 3397 579 3454 sibi
603 3393 730 3456 fecerunt
758 3417 792 3456 ac
816 3399 907 3457 multo
931 3397 1100 3462 humiliores
1132 3405 1242 3463 infir·

222 3499 382 3574 mioresque
399 3493 578 3570 redegerunt.
619 3500 649 3552 4.
671 3494 706 3552 In
723 3496 824 3554 eadem
839 3515 925 3555 causa
938 3496 1052 3558 fuerunt
1068 3499 1242 3579 Usipetes
