2606 3934
141 223 278 291 20-23.
367 220 412 267 aa
433 219 542 266 sarno
566 218 715 267 einrico
737 219 846 268 coum.
870 219 926 266 rrr.
1092 203 1130 265 61

139 364 170 422 in
192 365 368 424 deditionem
389 377 421 425 ut
441 367 567 443 recipiat,
582 376 691 442 petunt.
734 365 801 438 Qua
821 386 852 425 re
880 366 1031 442 impetrata
1054 383 1154 424 arma.

139 463 252 522 tradere
273 465 342 522 iussi
363 464 479 524 faciunt.
521 471 573 523 22.
594 465 689 540 Atque
710 464 741 522 in
762 483 796 522 ea
816 482 847 522 re
868 463 998 522 omnium
1019 472 1133 520 nostro-

139 581 203 620 rum
231 563 346 620 intentis
375 563 477 620 animis
502 563 556 620 alia
580 581 616 620 ex
643 573 724 638 parte
749 563 849 638 oppidi
869 562 1061 630 Adiatunnus,
1084 560 1133 635 qui

141 677 285 717 summam
299 660 411 735 imperii
425 661 549 730 tenebat,
564 678 631 718 cum
645 659 700 719 DC
715 660 834 729 devotis
850 677 923 736 quos
938 659 976 717 illi
991 658 1132 716 soldurios

140 757 295 832 appellant,
319 775 443 832 quorum
467 757 538 816 haec
563 767 606 815 est
631 758 773 827 condicio,
800 758 841 815 uti
864 757 999 816 omnibus
1022 757 1052 814 in
1076 756 1158 822 vita5

141 855 303 912 commodis
325 873 384 913 una
404 873 471 912 cum
491 855 524 913 iis
546 855 682 925 fruantur,
698 873 822 930 quorum
843 873 874 914 se
895 855 1037 912 amicitiae
1055 853 1133 911 dedi·

141 951 242 1022 derint,
267 953 291 1010 si
319 953 396 1027 quid.
415 952 460 1010 his
488 970 539 1028 per
570 953 628 1010 vim
652 953 771 1023 accidat,
801 962 850 1010 aut
880 953 1006 1011 eundem
1034 969 1133 1010 casum

140 1067 200 1107 una
233 1050 325 1108 ferant
360 1059 408 1108 aut
441 1051 493 1108 sibi
525 1061 649 1108 mortem
680 1051 875 1122 consciscant;
912 1068 1006 1124 neque
1040 1049 1133 1108 adhuc

140 1146 293 1204 hominum
325 1148 466 1204 memoria
500 1157 628 1223 repertus
663 1157 707 1207 est
743 1149 904 1225 quisquam,
935 1148 984 1224 qui
1018 1166 1054 1206 eo
1089 1148 1131 1204 in·

126 1243 270 1314 ‚terfecto,
300 1246 381 1303 cuius
416 1263 446 1302 se
481 1246 621 1303 amicitiae
658 1245 826 1317 devovisset,
861 1246 935 1304 mori
971 1254 1130 1302 recusaret:
1148 1259 1177 1293 10

142 1360 208 1399 cum
227 1341 272 1400 his
291 1342 473 1401 Adiatunnus
494 1343 675 1418 eruptionem
695 1343 789 1401 facere
811 1353 941 1413 conatus,
956 1343 1081 1400 clamore
1096 1343 1132 1399 ab
1203 1414 1207 1424 „

142 1457 177 1497 ea
191 1451 270 1514 parte
288 1440 455 1498 munitionis
477 1441 598 1511 sublato,
613 1459 680 1498 curn
699 1441 736 1499 ad
755 1459 834 1498 anna
850 1441 953 1498 milites
973 1441 1133 1498 concurris-

143 1547 207 1594 sent
221 1529 461 1612 vehementerque
475 1538 514 1595 ibi
528 1548 689 1612 pugnatum
706 1549 789 1610 esset,
804 1539 934 1614 repulsus
948 1539 977 1595 in
991 1538 1133 1614 oppidum

142 1643 247 1705 tamen,
269 1636 311 1693 uti
332 1635 436 1693 eadem
461 1635 615 1694 deditionis
636 1636 808 1694 condicione
829 1645 961 1707 uteretur,
984 1655 1001 1693 a
1025 1633 1132 1694 Crasso

142 1733 310 1810 impetravit.
363 1739 415 1792 23.
436 1734 534 1792 Armis
563 1734 768 1809 obsidibusque
796 1734 921 1809 acceptis
952 1731 1073 1791 Crassus
1104 1733 1133 1789 in
1149 1761 1156 1792 ι
1162 1757 1176 1806 5

142 1832 215 1890 fines
229 1831 386 1890 Vocatium
400 1842 427 1890 et
442 1832 626 1890 Tarusatium
640 1833 785 1908 profectus
799 1844 850 1891 est.
894 1832 973 1890 Tum
987 1850 1054 1890 vero
1068 1833 1133 1889 bar-

142 1930 204 1988 bari
221 1930 370 1995 commoti,
387 1931 465 2006 quod
484 1931 625 2006 oppidum
645 1942 672 1988 et
691 1941 793 1988 natura
810 1929 866 1988 loci
885 1939 913 1988 et
932 1948 1021 1987 manu
1039 1929 1132 1986 muni-

143 2036 205 2084 tum
232 2028 332 2102 paucis
361 2028 470 2098 diebus,
499 2028 603 2103 quibus
630 2045 666 2086 eo
694 2039 811 2086 ventum
838 2037 906 2098 erat,
935 2037 1133 2103 expugnatum

144 2134 347 2200 cognoverant,
379 2125 489 2201 legatos
524 2143 758 2201 quoquoversum
789 2126 940 2196 dimittere,
974 2125 1131 2195 coniurare,

144 2223 262 2280 obsides
283 2223 356 2280 inter
377 2240 408 2280 se
430 2223 506 2294 dare,
529 2223 628 2298 copias
649 2241 750 2298 parare
772 2232 936 2298 coeperunt.
980 2221 1177 2282 Mittunturao

143 2320 230 2378 etiam
251 2320 289 2378 ad
310 2337 359 2378 eas
380 2320 506 2379 civitates
525 2320 619 2396 legati,
635 2339 709 2396 quae
729 2330 795 2378 sunt
814 2320 950 2378 citerioris
969 2318 1131 2394 Hispaniae

143 2418 280 2476 finitimae
313 2419 501 2493 Aquitaniae:
536 2419 603 2477 inde
632 2419 735 2477 auxilia
768 2419 913 2494 ducesque
941 2427 1131 2476 arcessuntur.

144 2515 278 2587 Quorum
305 2516 429 2574 adventu
456 2535 564 2592 magna
590 2535 657 2575 cum
685 2517 851 2576 auctoritate
878 2525 907 2574 et
934 2533 1133 2591 magnacum

115 2618 118 2622 ’
143 2613 294 2672 hominum
312 2614 493 2672 multitudine
512 2615 619 2672 bellum
639 2633 739 2691 gerere
759 2624 907 2672 conantur.
949 2611 1048 2672 Duces
1065 2631 1132 2673 vero

143 2712 162 2770 ii
182 2711 352 2787 deliguntur,
367 2713 416 2787 qui
434 2729 493 2770 una
511 2731 577 2770 cum
593 2711 630 2784 Q.
647 2713 772 2771 Sertorio
792 2729 894 2770 omnes
914 2727 1007 2768 annos
1021 2711 1133 2770 fuerant
1146 2734 1175 2785 ²5

144 2827 346 2884 summamque
368 2809 517 2866 scientiam
538 2809 579 2867 rei
599 2809 727 2868 militaris
755 2809 860 2867 habere
889 2808 1132 2868 existimabantur.

144 2905 187 2964 Hi
206 2907 414 2965 consuetudine
433 2907 534 2982 populi
549 2906 676 2964 Romani
694 2907 760 2965 loca
774 2924 885 2983 capere,
900 2915 993 2965 castra
1012 2908 1133 2980 munire,

144 3005 355 3064 commeatibus
382 3014 499 3062 nostros
526 3004 714 3063 intercludere
749 3005 905 3062 instituunt.
962 3002 1052 3076 Quod
1084 3005 1134 3062 ubi

145 3101 267 3162 Crassus
292 3101 498 3174 animadvertit,
521 3119 587 3160 suas
611 3103 710 3178 copias
728 3112 846 3178 propter
869 3102 1053 3178 exiguitatem
1074 3121 1134 3161 non

144 3200 226 3258 facile
240 3199 344 3271 diduci,
360 3199 475 3257 hostem
495 3209 523 3258 et
536 3200 633 3274 vagari
644 3210 672 3258 et
687 3200 746 3258 vias
761 3200 894 3258 obsidere
909 3209 938 3258 et
952 3201 1050 3259 castris
1064 3202 1133 3261 satis
1147 3225 1177 3274 30

143 3299 278 3376 praesidii
300 3297 470 3373 relinquere,
493 3299 532 3355 ob
556 3315 621 3354 eam
646 3315 763 3355 causam
785 3297 880 3354 minus
902 3297 1057 3355 commode
1077 3298 1133 3357 fru-

143 3406 275 3455 mentum
302 3406 554 3471 commeatumque
583 3395 636 3454 sibi
664 3395 836 3472 supportari,
861 3395 890 3452 in
919 3395 980 3453 dies
1008 3394 1134 3455 hostium

144 3512 296 3554 numerum
318 3493 424 3569 augeri,
446 3511 506 3552 non
527 3494 723 3562 cunctandum
744 3493 922 3564 existimavit,
944 3494 1013 3568 quin
1034 3513 1134 3572 pugna
