2606 3934
371 1003 408 1072 C.
440 1003 562 1071 IULII
594 1000 832 1070 CAESARIS

209 1265 305 1350 DE
367 1266 605 1350 BELLO
662 1264 990 1352 GALLICO

364 1559 662 1613 COMMENTARIUS
692 1557 839 1613 PRIMUS.

404 1789 475 1853 nc.
498 1795 545 1869 ⁵8·
586 1790 699 1852 auc.
721 1791 790 1869 696.

253 2007 316 2059 'War
335 2005 397 2058 with
419 1965 461 2058 the
484 2005 610 2064 Helvetii3
638 2005 699 2056 War
720 2004 781 2057 with
803 2003 949 2056 Ariovistus.

147 2199 175 2256 1.
204 2191 325 2254 ulmi
338 2200 382 2252 est
396 2190 491 2251 omnis
505 2190 594 2249 divisa
611 2189 640 2248 in
661 2200 757 2268 partes
774 2200 840 2264 tres,
859 2210 980 2269 quarum
1004 2213 1094 2255 unam

107 2291 239 2352 incolunt
255 2289 371 2366 Belgae,
387 2289 471 2349 aliam
489 2286 634 2364 Aquitani,
654 2289 765 2346 tertiam
785 2289 833 2365 qui
852 2289 981 2366 ipsorum
995 2293 1094 2369 lingua
1111 2357 1121 2365 ,
1228 2344 1230 2348 .

107 2389 217 2460 Celtae,
229 2397 328 2446 nostra
342 2385 417 2446 Galli
431 2387 619 2464 appellantur.
655 2386 697 2445 Hi
710 2404 814 2444 omnes
829 2385 935 2463 lingua,
951 2389 1093 2462 institutis

106 2487 220 2564 legibus
242 2485 314 2544 inter
336 2503 367 2544 se
392 2485 534 2544 differunt.
576 2483 676 2544 Gallos
704 2485 741 2542 ab
765 2483 918 2561 Aquitanis
944 2486 1093 2548 Garumna

107 2585 226 2656 flumen,
254 2601 272 2642 a
298 2582 396 2660 Belgis
423 2581 560 2641 Matrona
587 2593 616 2642 et
649 2581 783 2658 Sequana
815 2581 921 2641 dividit.
977 2584 1120 2657 Horum5

107 2681 240 2740 omnium
267 2679 413 2739 fortissimi
441 2687 507 2738 sunt
534 2678 650 2756 Belgae,
679 2687 833 2755 propterea
860 2679 941 2756 quod
968 2700 986 2741 a
1016 2683 1094 2742 cultu

107 2789 194 2855 atque
213 2778 388 2837 humanitate
407 2776 570 2853 provinciae
592 2776 759 2852 longissime
780 2777 894 2850 absunt,
916 2779 1093 2858 minimeque

107 2877 148 2936 ad
174 2894 225 2936 eos
252 2885 426 2934 mercatores
454 2893 541 2952 saepe
569 2883 734 2934 commeant
766 2882 852 2950 atque
882 2893 925 2946 ea,
955 2895 1028 2954 quae
1055 2879 1093 2938 ad

108 2973 319 3033 effeminandos
339 2974 452 3033 animos
471 2973 619 3049 pertinent,
639 2973 804 3049 important,
824 2973 1006 3050 proximique
1027 2987 1093 3035 sunt
1170 3033 1175 3038 .

5 3135 9 3148 ,
44 3071 52 3082 '
82 3145 84 3149 Ι
109 3070 272 3143 Germanis,
300 3072 350 3148 qui
377 3081 455 3130 trans
484 3069 621 3128 Rhenum
650 3069 788 3140 incolunt,
817 3070 990 3146 quibuscum
1021 3091 1091 3132 con·
1106 3100 1137 3136 10

19 3167 25 3195 ·'
106 3171 232 3227 tinenter
258 3169 365 3227 bellurn
393 3175 505 3246 gerunt.
548 3166 615 3239 Qua
643 3168 679 3226 de
706 3185 794 3225 causa
822 3166 947 3226 Helvetii
976 3187 1092 3247 quoque

105 3266 233 3342 reliquos
267 3265 367 3326 Gallos
400 3268 501 3326 virtute
531 3266 717 3345 praecedunt,
746 3264 826 3342 quod
853 3265 912 3325 fere
941 3267 1091 3330 cotidianis

105 3363 224 3440 proeliis
247 3381 313 3422 cum
338 3365 491 3424 Germanis
515 3364 702 3435 contendunt,
730 3381 797 3422 eum
826 3374 874 3422 aut
901 3363 960 3424 suis
987 3365 1091 3428 finibus

38 3509 42 3518 .
106 3479 160 3520 eos
185 3461 346 3538 prohibent,
368 3473 416 3520 aut
442 3464 497 3539 ipsi
526 3465 556 3522 in
583 3481 684 3522 eorum
711 3461 816 3520 linibus
844 3461 951 3520 bellum
979 3476 1090 3540 gerunt.

105 3558 217 3620 Eorum
238 3579 298 3620 una
313 3579 388 3639 pars,
403 3580 490 3638 quam
512 3561 612 3624 Gallos
630 3561 758 3620 obtinere
780 3560 889 3620 dictum
910 3570 961 3635 est,
980 3562 1090 3621 initium
1103 3583 1132 3634 15

590 3676 609 3718 B
