2652 3928
152 196 286 283 15-18.
384 211 430 258 na
452 209 561 257 antro
585 207 734 256 ourrroo
761 206 871 256 nourr.
898 209 972 256 vrrr.
1080 207 1138 280 '91‘

149 377 253 421 manus
272 368 495 419 stramentorum
509 377 543 417 ac
557 358 752 434 virgultorum,
766 375 890 434 quorum
907 370 1020 416 summa
1034 358 1138 416 eratin

149 463 249 520 castris
269 460 361 534 copia,
384 458 457 515 inter
478 475 510 515 se
523 456 642 514 traditos
660 467 727 514 ante
744 457 837 514 aciem
850 455 1030 513 collocarunt
1043 465 1137 512 extre-

149 575 257 634 moque
271 567 401 632 tempore
416 555 472 612 diei
487 555 571 629 signo
586 553 774 630 pronuntiato
788 565 848 611 imo
868 564 999 628 tempore
1018 553 1137 610 incend-

149 667 239 714 erunt.
295 655 341 712 Ita
368 653 521 710 continens
556 651 675 709 flamma
703 652 802 726 copias
831 667 934 708 omnes
972 659 1091 726 repente
1120 666 1137 706 a

150 763 310 830 conspectu
337 751 409 809 texit
436 749 646 808 Romanorum.
688 747 778 820 Quod
805 748 854 806 ubi
882 747 994 818 accidit,
1027 731 1165 815 barbaris

149 850 403 909 vehementissimo
423 865 507 906 cursu
523 845 698 922 refugerunt.
748 852 796 904 16.
818 845 935 916 Caesar,
949 846 1002 904 etsi
1016 846 1139 904 discess-

150 966 200 1006 um
219 948 347 1007 hostium
368 945 594 1004 animadvertere
615 962 675 1002 non
696 953 810 1020 poterat
830 944 971 1002 incendiis
988 943 1139 1020 oppositis,

150 1057 247 1104 tamen
271 1046 301 1104 id
325 1043 477 1103 consilium
502 1059 569 1100 cum
590 1042 676 1117 fugae
700 1059 789 1100 causa
813 1042 916 1099 initum
938 1043 1139 1118 suspicaretur,

149 1145 280 1220 legiones
308 1148 469 1219 promovet,
497 1149 606 1197 turmas
633 1139 719 1196 mittit
745 1140 784 1197 ad
811 1139 1022 1213 insequendum
1033 1157 1041 1224 ξ
1077 1139 1139 1214 ipse

149 1242 253 1299 veritus
280 1239 407 1309 insidias
432 1255 469 1295 ne
494 1237 567 1295 forte
591 1238 622 1294 in
645 1237 751 1295 eodem
775 1237 841 1294 loco
870 1237 1023 1294 subsistere
1047 1235 1139 1295 hostis
1154 1261 1185 1296 10

150 1349 237 1414 atque
257 1337 359 1396 elicere
380 1344 497 1393 nostros
517 1336 548 1392 in
569 1334 666 1392 locum
692 1344 843 1392 conaretur
867 1335 1007 1409 iniquum,
1032 1333 1140 1392 tardius

150 1433 288 1511 procedit.
330 1433 450 1509 Equites
469 1451 536 1490 cum
555 1434 658 1490 intrare
673 1433 785 1490 fumum
798 1443 827 1491 et
842 1433 990 1490 flammam
1005 1431 1140 1490 densissi-

149 1550 229 1591 mam
249 1533 381 1590 timerent
401 1549 445 1600 ac,
470 1531 493 1588 si
518 1531 568 1606 qui
592 1531 723 1606 cupidius
747 1531 927 1601 intraverant,
951 1531 997 1588 vix
1022 1545 1139 1588 suorum

149 1632 205 1707 ipsi
225 1630 334 1706 priores
354 1637 450 1704 partes
472 1628 730 1687 animadverterent
750 1647 900 1704 equomm,
922 1629 1040 1687 insidias
1060 1626 1139 1686 veriti

150 1729 270 1787 liberam
293 1726 459 1784 facultatem
484 1727 527 1783 sui
548 1726 704 1801 recipiendi
725 1726 885 1786 Bellovacis
905 1727 1054 1785 dederunt.
1095 1724 1185 1798 Ita15v

150 1827 219 1902 luga
235 1825 346 1883 timoris
366 1823 450 1882 simul
468 1823 684 1899 calliditatisque
702 1824 789 1900 plena
805 1826 867 1883 sine
885 1825 945 1883 ullo
965 1825 1139 1884 detrimento

150 1927 229 1984 milia
248 1941 309 1982 non
323 1923 448 1998 amplius
466 1923 568 1980 decern
582 1924 728 1998 progressi
750 1923 848 1982 hostes
867 1924 933 1982 loco
947 1923 1139 1981 munitissimo

151 2034 245 2084 castra
278 2031 447 2098 posuerunt.
489 2020 563 2078 Inde
598 2037 666 2077 cum
700 2037 787 2096 saepe
821 2022 851 2078 in
885 2022 995 2080 insidiis
1030 2021 1139 2096 equites

151 2121 320 2196 peditesque
355 2119 550 2196 disponerent,
584 2135 693 2193 magna
727 2117 898 2177 detrimenta
933 2117 1075 2176 Romanis
1109 2119 1140 2174 in

151 2217 385 2295 pabulationibus
406 2215 574 2276 inserebant.
624 2221 671 2275 17.
692 2215 781 2286 Quod
802 2234 869 2275 cum
891 2217 1019 2275 crebrius
1043 2215 1139 2273 accid·
1155 2237 1185 2271 20

152 2326 220 2385 eret,
233 2333 269 2373 ex
284 2315 398 2390 captivo
413 2313 541 2389 quodam
556 2314 696 2390 comperit
711 2311 818 2372 Caesar
832 2313 983 2384 Correum,
992 2313 1140 2371 Bellovac-

152 2433 235 2473 orum
265 2411 378 2483 ducem,
406 2411 628 2470 fortissimorum
655 2412 734 2470 milia
762 2431 813 2470 sex
841 2413 972 2488 pediturn
1000 2411 1141 2486 delegisse

153 2513 321 2588 equitesque
344 2529 380 2568 ex
401 2510 482 2567 omni
500 2527 621 2567 numero
642 2509 728 2580 mille,
748 2527 822 2586 quos
841 2511 872 2567 in
890 2510 999 2568 insidiis
1019 2525 1055 2567 eo
1075 2509 1142 2567 loco

155 2611 317 2678 collocaret,
332 2625 420 2684 quem
433 2607 464 2663 in
477 2606 574 2663 locum
589 2615 706 2682 propter
720 2608 835 2682 copiam
849 2606 984 2665 frumenti
997 2625 1031 2665 ac
1045 2607 1143 2683 pabuli

156 2705 309 2766 Romanos
343 2706 484 2764 missuras
518 2705 717 2778 suspicaretur.
761 2703 830 2776 Quo
866 2705 985 2782 cognito
1021 2705 1142 2764 consilio
1157 2717 1186 2770 25

154 2806 284 2880 legiones
311 2803 416 2879 plures,
445 2819 532 2878 quam
561 2801 679 2872 solebat,
707 2801 804 2860 educit
831 2803 1056 2878 equitatumque,
1086 2821 1144 2878 qua

157 2901 366 2962 consuetudine
400 2899 621 2975 pabulatoribus
653 2899 764 2957 mittere
799 2900 943 2976 praesidio
982 2911 1142 2970 consuerat,

155 2999 327 3078 praemittit:
349 2997 415 3056 huic
430 2997 586 3072 interponit
599 2997 704 3055 auxilia
717 2997 786 3056 levis
803 3008 978 3069 armaturae;
1000 2999 1062 3074 ipse
1076 3017 1143 3056 curn

154 3097 320 3174 legionibus
340 3112 428 3172 quam
442 3104 537 3170 potest
551 3096 677 3152 maxime
697 3097 921 3172 appropinquat.
962 3101 1011 3155 18.
1033 3093 1144 3154 Hostes

157 3197 187 3253 in
208 3194 319 3252 insidiis
344 3181 482 3268 dispositi,
504 3211 571 3250 cum
596 3193 648 3250 sibi
670 3193 844 3268 delegissent
869 3209 1005 3269 campum
1027 3194 1064 3251 ad
1084 3211 1145 3252 rem
1159 3217 1190 3266 30

156 3291 314 3370 gerendam
335 3307 395 3348 non
416 3289 537 3365 amplius
559 3299 705 3366 patentem
725 3292 755 3348 in
775 3309 878 3350 omnes
898 3303 994 3367 partes
1014 3291 1146 3368 passibus

157 3389 242 3461 mille,
272 3387 348 3447 silvis
375 3388 504 3463 undique
533 3397 581 3444 aut
608 3387 827 3463 impeditissimo
851 3389 969 3449 flumine
993 3391 1145 3463 munitum,

158 3489 233 3548 velut
268 3486 404 3562 indagine
437 3484 513 3544 hunc
547 3485 656 3544 insidiis
688 3486 945 3549 circumdederunt.
987 3487 1145 3566 Explorato
