2652 3928
192 199 252 282 164
291 262 293 266 ,
508 213 538 265 o.
560 215 654 263 rurrr
676 214 849 264 crassum
1119 217 1178 265 vn.

188 380 296 439 umque
328 361 359 420 in
391 363 467 439 agris
497 371 526 422 et
557 365 671 439 pecoris
703 363 818 439 copiam
853 372 955 424 nactus
991 363 1099 441 repleto
1133 363 1179 422 his

187 461 273 518 rebus
294 461 420 519 exercitu
441 461 493 519 iter
513 462 545 519 in
567 460 698 520 Senones
718 460 814 519 facere
834 460 963 520 instituit.

229 564 280 617 57.
300 557 380 616 Dum
407 557 480 616 baec
507 558 585 634 apud
614 556 769 617 Caesarem
796 568 942 633 geruntur,
967 559 1114 618 Labienus
1141 576 1178 618 eo

188 655 398 732 supplemento,
413 656 492 731 quod
509 674 601 732 nuper
617 675 654 714 ex
671 655 754 715 Italia
773 665 898 728 venerat,
912 657 1011 716 relicto
1025 657 1178 732 Agedinci,

160 763 219 824 5ut
243 762 319 812 esset
344 753 558 829 impedimentis
585 754 737 830 praesidio,
761 773 828 814 cum
853 764 989 832 quattuor
1015 755 1178 830 legionibus

188 851 332 912 Lutetiam
359 851 555 928 proficiscitur.
598 853 635 912 Id
659 862 703 912 est
726 854 869 930 oppidum
892 853 1075 924 Parisiorum,
1098 853 1180 929 quod

187 952 315 1028 positum
339 960 382 1010 est
409 951 439 1009 in
466 951 558 1012 insula
579 951 706 1010 fluminis
734 951 895 1029 Sequanae.
938 951 1029 1011 Cuius
1053 953 1179 1012 adventu

188 1050 225 1106 ab
245 1048 376 1107 hostibus
398 1050 516 1124 cognito
539 1066 664 1125 magnae
688 1068 725 1107 ex
746 1050 874 1110 finitimis
895 1051 1055 1110 civitatibus
1076 1049 1178 1125 copiae

189 1156 391 1204 convenerunt.
434 1146 555 1206 Summa
571 1147 682 1223 imperii
695 1148 814 1206 uaditur
828 1147 1030 1224 Camulogeno
1044 1147 1179 1218 Aulerco‚

147 1268 175 1304 ιο
190 1245 239 1321 qui
253 1262 344 1320 prope
359 1243 509 1304 confectus
523 1253 616 1304 aetate
633 1253 732 1303 tamen
745 1257 864 1322 propter
883 1246 1058 1321 singularem
1075 1245 1179 1304 scient-

188 1343 247 1399 iam
269 1343 311 1400 rei
333 1342 462 1400 militaris
486 1342 525 1401 ad
547 1360 614 1401 eum
636 1353 680 1401 est
702 1343 845 1404 honorem
869 1353 1013 1404 evocatus.
1056 1343 1087 1402 Is
1111 1361 1179 1402 cum

188 1441 435 1498 animadvertisset
455 1448 625 1516 perpetuam
646 1459 710 1498 esse
730 1441 875 1516 paludem,
898 1460 973 1518 quae
993 1441 1124 1499 influeret
1148 1441 1179 1498 in

190 1536 354 1613 Sequanam
372 1546 458 1614 atque
477 1537 557 1594 illum
571 1555 690 1596 omnem
707 1538 806 1596 locum
820 1557 999 1614 magnopere
1020 1539 1178 1614 impediret,

188 1635 235 1693 hic
263 1635 395 1693 consedit
421 1644 593 1710 nostrosque
619 1637 741 1694 transitu
771 1636 924 1712 prohibere
955 1636 1082 1696 instituit.
1125 1642 1178 1695 58.

145 1753 155 1789 r
161 1753 175 1804 5
190 1732 335 1791 Labienus
356 1733 450 1808 primo
463 1734 561 1792 vineas
584 1751 678 1808 agere,
700 1733 824 1793 cratibus
845 1744 931 1810 atque
951 1753 1057 1811 aggere
1078 1735 1181 1810 palud-

190 1847 237 1888 em
265 1830 379 1906 explere
408 1839 494 1907 atque
521 1832 574 1889 iter
600 1832 712 1890 munire
743 1831 911 1890 conabatur.
964 1831 1123 1908 Postquam
1149 1831 1180 1891 id

189 1927 329 1986 difficilius
364 1929 482 1988 confieri
519 1929 725 1999 animadvertit,
764 1929 876 1988 silentio
911 1947 928 1988 e
962 1929 1061 1988 castris
1099 1929 1181 1987 tertia

189 2025 286 2101 vigilia
313 2044 446 2101 egressus
473 2026 586 2096 eodem,
615 2043 674 2101 quo
706 2036 831 2099 venerat,
858 2027 958 2085 itinere
988 2025 1180 2084 Melodunum

188 2123 324 2199 pervenit.
366 2123 402 2182 Id
429 2133 473 2182 est
500 2124 642 2200 oppidum
674 2122 824 2182 Senonum
852 2124 882 2182 in
909 2124 1002 2184 insula
1030 2123 1180 2199 Sequanae

145 2241 176 2275 20
189 2222 324 2297 positum,
351 2230 383 2279 ut
413 2221 500 2297 paulo
531 2231 597 2279 ante
628 2221 664 2280 de
695 2221 809 2280 Lutetia
840 2220 971 2281 diximus.
1022 2221 1179 2297 Deprensis

188 2320 309 2377 navibus
332 2319 442 2378 circiter
465 2319 675 2396 quinquaginta
697 2319 881 2396 celeriterque
904 2321 1064 2380 coniunctis
1092 2328 1180 2394 atque

188 2434 225 2474 eo
252 2417 389 2474 militibus
417 2417 528 2475 iniectis
555 2426 584 2476 et
612 2417 652 2475 rei
677 2417 801 2475 novitate
832 2419 987 2493 perterritis
1014 2415 1179 2492 oppidania,

189 2532 314 2590 quorum
335 2533 443 2591 magna
463 2533 530 2590 pars
552 2523 611 2572 erat
635 2513 673 2572 ad
692 2514 800 2572 bellum
819 2525 945 2586 evocata,
965 2515 1027 2573 sine
1047 2523 1180 2572 content·

189 2612 256 2669 ione
285 2612 395 2688 oppido
424 2613 539 2688 potitur.
590 2610 713 2670 Refecto
740 2620 837 2688 ponte,
867 2629 954 2688 quem
985 2611 1180 2686 superioribus

145 2725 174 2774 25
189 2710 291 2768 dicbus
318 2709 416 2768 hostes
446 2710 632 2778 resciderunt,
658 2709 817 2767 exercitum
844 2709 966 2768 traducit
993 2717 1022 2767 et
1050 2710 1180 2768 secundo

188 2808 306 2866 flumine
327 2808 364 2866 ad
385 2807 529 2866 Lutetiam
549 2807 602 2864 iter
622 2805 717 2865 facere
738 2808 843 2883 coepit.
885 2806 994 2865 Hostes
1013 2824 1044 2864 re
1063 2807 1181 2881 cognita

188 2907 225 2964 ab
246 2905 290 2975 iis,
307 2905 357 2981 qui
378 2904 540 2963 Meloduno
558 2903 698 2979 fugerant,
717 2903 862 2962 Lutetiam
883 2903 997 2962 incendi
1015 2914 1179 2981 pontesque

188 3005 249 3062 eius
268 3004 368 3080 oppidi
387 3003 511 3062 rescindi
531 3003 646 3069 iubent;
669 3002 724 3077 ipsi
743 3001 864 3077 profecti
883 3020 900 3060 a
920 3001 1025 3078 palude
1044 3003 1082 3060 ad
1100 3004 1179 3080 ripas

190 3103 341 3180 Sequanae
362 3120 378 3160 e
399 3102 518 3176 regione
538 3099 667 3158 Lutetiae
688 3109 790 3158 contra
806 3099 926 3157 Labieni
947 3109 1041 3158 castra
1062 3101 1178 3158 consid-

144 3230 175 3275 30
187 3211 247 3262 unt.
299 3207 351 3259 59.
381 3199 445 3257 Iam
466 3197 574 3256 Caesar
597 3215 615 3256 a
637 3197 783 3273 Gergovia
809 3197 974 3256 discessisse
999 3198 1176 3266 audiebatur,

188 3300 245 3356 iam
277 3298 314 3357 de
341 3297 511 3355 Aeduorum
542 3295 703 3353 defectione
734 3303 764 3354 et
795 3294 923 3353 secundo
953 3293 1065 3354 Galliae
1095 3304 1178 3352 motu

187 3412 318 3452 rumores
350 3393 549 3460 afferebantur,
582 3391 715 3466 Gallique
745 3392 777 3450 in
808 3391 957 3467 colloquiis
991 3391 1179 3450 interclusum

187 3483 286 3552 itinere
318 3500 346 3550 et
377 3491 472 3566 Ligeri
502 3490 656 3550 Caesarem
688 3491 786 3568 inopia
816 3490 952 3551 frumenti
983 3501 1116 3550 coactum
1146 3491 1178 3552 in
