2604 3914
138 223 276 294 27-31.
384 221 430 269 DE
451 221 561 269 sunto
585 219 734 269 enucleo
757 219 867 269 coMM.
891 221 932 272 ΙΙ.
1085 221 1125 288 47

138 371 272 432 tulerunt.
314 371 403 444 Quod
422 390 489 432 cum
510 391 547 431 ex
564 373 699 438 omnibus
719 373 749 430 in
768 371 888 431 circuitu
905 371 1033 447 partibus
1053 369 1128 429 altis-

139 472 227 528 simas
249 488 335 545 rupes
355 469 566 546 despectusque
588 469 713 540 haberet,
732 488 791 528 una
809 489 845 528 ex
864 479 944 546 parte
964 468 1063 526 leniter
1081 487 1129 526 ac·

139 567 218 624 clivis
237 567 329 624 aditus
348 566 378 623 in
397 566 576 624 latitudinem
595 584 655 624 non
674 566 798 641 amplius
812 566 1003 624 ducentorum
1022 566 1130 642 pedum

138 663 369 739 relinquebatur;
398 681 486 740 quem
513 663 611 721 locum
635 662 742 740 duplici
767 664 904 722 altissimo
928 681 1012 722 muro
1036 663 1129 720 muni·

140 771 240 834 erant;
268 770 330 818 tum
354 761 452 836 magni
477 761 615 836 ponderis
640 779 709 819 saxa
733 771 762 819 et
786 771 954 836 praeacutas
981 763 1076 820 trabes
1099 761 1157 823 in5

139 879 224 918 muro
243 859 430 918 collocabant.
474 859 535 935 Ipsi
550 868 631 917 erant
652 879 687 916 ex
702 857 826 917 Cimbris
846 859 1045 936 Teutonisque
1064 877 1130 934 pro-

140 957 229 1032 gnati,
255 957 312 1032 qui,
336 975 404 1015 cum
428 958 480 1015 iter
498 958 529 1014 in
553 957 729 1034 provinciam
752 966 882 1016 nostram
910 967 996 1033 atque
1019 957 1131 1015 Italiam

140 1054 275 1125 facerent,
289 1055 324 1112 iis
343 1054 564 1130 impedimentis,
580 1073 655 1130 quae
675 1072 773 1113 secum
793 1073 879 1130 agere
895 1073 929 1112 ac
943 1064 1056 1130 portare
1071 1071 1132 1112 non

140 1160 282 1228 poterant,
303 1152 372 1210 citra
390 1151 500 1210 flumen
520 1151 656 1210 Rhenum
676 1151 814 1228 depositis
837 1153 999 1210 custodiam
1019 1171 1054 1210 ex
1074 1152 1132 1209 suis

141 1268 176 1308 ac
193 1249 367 1324 praesidium
386 1267 436 1306 serr
454 1249 532 1306 milia
546 1249 698 1306 hominum
712 1267 771 1307 una
784 1249 964 1324 reliquerunt.
1007 1248 1049 1306 Hi
1065 1258 1132 1324 post
1147 1263 1177 1298 10

141 1365 243 1405 eorum
262 1348 373 1406 obitum
393 1347 500 1404 multos
520 1365 613 1404 annos
632 1365 650 1404 a
667 1347 794 1405 finitimis
815 1347 958 1421 exagitati,
978 1364 1045 1404 curn
1063 1347 1132 1406 alias

141 1446 249 1504 bellum
268 1444 413 1516 inferrent,
433 1445 502 1502 alias
521 1445 630 1502 illatum
650 1444 845 1516 defenderent,
865 1462 1010 1502 consensu
1032 1462 1150 1502 eorum‘

142 1543 274 1600 omnium
297 1561 369 1619 pace
392 1541 469 1600 facta
489 1542 567 1600 hunc
590 1543 643 1600 sibi
668 1541 813 1601 domicilio
836 1543 933 1600 locum
956 1543 1130 1618 delegerunt.

142 1647 195 1700 30.
220 1642 266 1699 Ac
288 1641 382 1716 primo
405 1639 530 1698 adventu
554 1641 695 1699 exercitus
719 1641 809 1699 nostri
830 1643 944 1700 crebras
966 1660 1002 1699 ex
1023 1641 1132 1717 oppido

142 1740 329 1798 excursiones
348 1737 492 1797 faciebant
512 1739 694 1814 parvulisque
713 1739 828 1814 proeliis
850 1757 916 1797 cum
938 1741 1042 1798 nostris
1064 1749 1176 1798 eon-15

143 1837 300 1896 tendebant
307 1855 315 1908 ;
345 1846 446 1912 postea
467 1836 542 1894 vallo
564 1836 671 1911 pedum
693 1853 747 1907 xri,
769 1836 799 1894 in
821 1836 939 1894 circuitu
962 1855 999 1894 xv
1022 1837 1132 1894 milium

143 1935 307 2010 crebrisque
331 1935 453 1993 castellis
478 1933 690 1993 circummuniti
714 1934 822 2010 oppido
848 1952 911 1993 sese
937 1935 1131 1993 continebant.

143 2031 203 2088 Ubi
230 2032 319 2089 vineis
347 2032 417 2089 actis
445 2049 550 2106 aggere
579 2039 723 2089 exstructo
744 2032 844 2090 turrim
867 2031 969 2106 procul
996 2033 1131 2090 constitui

143 2128 283 2200 viderunt,
298 2129 422 2205 primum
441 2128 555 2186 irridere
570 2146 606 2185 ex
621 2145 704 2186 muro
719 2137 803 2204 atque
822 2129 990 2204 increpitare
1004 2129 1130 2200 vocibus,

144 2226 225 2303 quod
249 2235 329 2284 tanta
352 2225 526 2283 machinatio
551 2225 588 2282 ab
612 2233 692 2282 tanto
721 2225 814 2301 spatio
838 2226 1042 2284 instrueretur:
1071 2227 1131 2302 qui·
1146 2253 1177 2288 ιο

142 2325 269 2382 busnam
296 2325 430 2382 manibus
461 2332 509 2380 aut
537 2323 641 2400 quibus
670 2323 775 2382 viribus
803 2325 970 2399 praesertim
997 2323 1131 2384 homines

143 2423 270 2481 tantulae
298 2432 420 2480 staturae
450 2425 530 2482 lnam
557 2421 725 2497 plerumque
753 2422 917 2480 hominibus
946 2421 1036 2482 Gallis
1063 2443 1131 2500 prae

143 2519 343 2594 magnitudine
367 2536 524 2594 corporum
545 2536 662 2576 suorum
686 2519 808 2578 brevitas
832 2529 930 2577 nostra
955 2523 1132 2597 contemptui

144 2620 200 2690 est)
216 2615 287 2674 tanti
301 2615 396 2674 oneris
410 2616 508 2672 turrim
523 2625 653 2672 moturos
668 2633 732 2674 sese
746 2616 945 2676 confiderent?
1007 2625 1052 2678 31.
1074 2619 1132 2676 Ubi

143 2731 212 2773 vero
243 2713 352 2772 moveri
384 2721 412 2770 et
444 2712 675 2788 appropinquare
707 2713 860 2771 moenibus
892 2715 1030 2786 viderunt,
1058 2734 1133 2775 nova
1148 2728 1176 2778 25

145 2822 230 2889 atque
258 2811 393 2870 inusitata
420 2809 516 2886 specie
544 2809 683 2867 commoti
710 2809 822 2884 legatos
849 2810 887 2869 ad
915 2810 1069 2871 Caesarem
1097 2813 1133 2872 de

144 2928 217 2986 pace
237 2908 383 2978 miserunt,
398 2907 447 2982 qui
469 2905 506 2963 ad
524 2905 602 2963 hunc
620 2905 741 2964 modum
759 2906 864 2965 locuti:
891 2926 951 2966 non
970 2909 1132 2968 existimare

144 3005 297 3064 Romanos
313 3004 374 3061 sine
385 3020 442 3078 ope
457 3003 552 3060 divina
565 3002 672 3060 bellum
685 3022 792 3079 gerere,
805 3005 853 3081 qui
867 3015 963 3064 tantae
978 3006 1132 3065 altitudinis

144 3102 374 3161 machinationes
394 3109 474 3158 tanta
488 3099 628 3158 celeritate
643 3118 813 3176 promovere
827 3112 956 3178 possent,
972 3121 1003 3161 se
1023 3121 1132 3178 suaque

144 3201 244 3258 omnia
267 3216 368 3256 eorum
390 3198 525 3274 potestati
546 3198 707 3273 permittere
730 3197 870 3261 dixerunt.
911 3199 1010 3257 Unum
1036 3212 1132 3276 petere
1145 3213 1177 3261 30

144 3315 179 3356 ac
201 3295 364 3372 deprecari:
393 3295 417 3354 si
437 3294 509 3353 forte
531 3313 585 3370 pro
605 3313 657 3354 sua
677 3295 829 3354 clementia
849 3314 883 3354 ac
904 3298 1131 3372 mansuetudine,

144 3411 233 3469 quam
248 3392 302 3468 ipsi
316 3393 353 3448 ab
368 3391 428 3450 aliis
443 3392 582 3462 audirent,
598 3393 742 3450 statuisset
756 3393 923 3452 Aduatucos
938 3411 1001 3452 esse
1016 3379 1139 3454 conserJ

145 3491 265 3565 vandos,
286 3507 324 3548 ne
345 3507 376 3549 se
391 3490 477 3551 armis
497 3490 677 3567 despoliaret.
722 3489 781 3550 Sibi
795 3509 898 3550 omnes
918 3491 976 3550 fere
995 3493 1131 3554 finitimos
