2606 3934
187 164 227 236 aa
424 195 433 202 -
472 194 476 198 ·
508 183 536 234 c.
559 183 652 233 rurrr
672 179 844 232 carsanrs
1150 183 1176 231 r.

187 328 302 402 Quibus
325 331 410 392 rebus
435 331 543 392 Caesar
568 331 753 392 vehementer
780 340 944 392 commotus
971 329 1176 390 maturandum

186 430 242 488 sibi
260 431 439 500 existimavit,
454 449 500 500 ne,
516 431 540 489 si
553 449 629 490 nova
646 449 751 492 manus
772 429 934 488 Sueborum
953 447 1020 488 cum
1034 426 1175 486 veteribus

187 527 278 603 copiis
291 528 425 586 Ariovisti
445 545 509 586 sese
524 529 727 598 coniunxisset,
741 528 837 586 minus
856 526 939 585 facile
956 526 1048 584 resisti
1066 531 1175 601 posset.

186 625 288 700 Itaque
306 644 337 683 re
350 624 535 683 frumentaria
548 643 635 701 quam
646 625 792 683 celerrime
806 624 900 700 potuit
914 632 1082 698 comparata
1095 639 1177 696 mag·

159 724 231 787 snis
243 723 390 780 itineribus
404 723 443 780 ad
452 723 627 782 Ariovistum
641 722 798 780 contendit.
840 727 894 780 38.
915 720 991 780 Cum
1004 720 1089 778 tridui
1100 719 1177 776 viam

186 823 382 896 processisset,
397 820 558 878 nuntiatum
576 831 620 879 est
636 820 670 890 ei,
684 820 863 878 Ariovistum
882 837 949 878 cum
968 819 1027 876 suis
1040 818 1177 876 omnibus

187 920 279 995 copiis
311 919 349 978 ad
375 919 579 994 occupandum
605 919 826 990 Vesontionem,
854 919 934 994 quod
961 927 1006 976 est
1033 917 1177 993 oppidum

187 1017 347 1074 maximum
371 1016 581 1093 Sequanorum,
604 1017 788 1088 contendere,
810 1017 952 1093 triduique
976 1016 1052 1073 viam
1077 1033 1095 1072 a
1118 1014 1178 1074 suis

188 1113 293 1172 linibus
307 1113 471 1190 profecisse.
513 1112 605 1171 Idne
626 1113 776 1184 accideret,
792 1131 969 1189 magnopere
988 1113 1041 1171 sibi
1061 1128 1178 1188 praeca-

146 1233 177 1269 ιο
188 1211 314 1270 nendum
328 1211 434 1270 Caesar
448 1211 637 1270 existimabat.
680 1209 815 1286 Namque
834 1211 965 1268 omnium
984 1228 1088 1280 rerum,
1104 1225 1179 1284 quae

187 1309 225 1368 ad
248 1309 354 1368 bellum
377 1309 441 1370 usui
466 1319 555 1378 erant,
578 1325 692 1366 summa
716 1317 776 1368 erat
799 1308 889 1366 ineo
913 1307 1025 1384 oppido
1049 1307 1176 1377 facultas,

186 1409 274 1484 idque
293 1417 394 1465 natura
412 1407 469 1465 loci
488 1406 530 1465 sic
548 1405 739 1476 muniebatur,
753 1415 785 1464 ut
802 1423 941 1481 magnam
956 1405 994 1462 ad
1012 1404 1179 1463 ducendum

186 1505 295 1562 bellum
306 1505 387 1563 daret
395 1503 566 1573 facultatem,
572 1512 726 1578 propterea
734 1503 814 1578 quod
824 1502 933 1560 flumen
943 1501 1139 1562 Alduasdubis
1147 1511 1179 1560 ut

188 1602 296 1661 circino
310 1601 536 1660 circumductum
547 1617 641 1676 paene
652 1609 746 1658 totum
757 1599 897 1676 oppidum
909 1601 1015 1676 cingit;
1037 1599 1179 1675 reliquum

145 1698 321 1774 15spatium,
343 1698 423 1772 quod
443 1707 487 1756 est
513 1714 574 1754 non
602 1697 725 1772 amplius
748 1697 857 1773 pedum
885 1707 1097 1767 sexcentorum,
1121 1715 1190 1772 qua,

187 1794 297 1853 fiumen
315 1794 480 1864 intermittit,
500 1811 585 1854 mons
611 1795 740 1852 continet
763 1813 871 1870 magna
895 1795 1052 1866 altitudine,
1075 1796 1123 1865 ita,
1148 1804 1180 1854 ut

187 1895 300 1954 radices
321 1893 429 1951 montis
450 1910 487 1954 ex
507 1901 626 1968 utraque
647 1903 728 1967 parte
748 1894 826 1969 ripae
847 1893 974 1952 fluminis
1000 1895 1177 1968 contingant.

188 1991 279 2050 Hunc
300 2008 404 2049 murus·
420 1989 611 2050 circumdatus
631 2008 727 2049 arcem
744 1991 828 2053 efficit
849 2002 963 2050 etcum
982 1991 1091 2067 oppido
1110 2008 1180 2050 con-

187 2090 287 2165 iungit.
338 2087 408 2146 Huc
435 2085 543 2147 Caesar
570 2088 685 2164 magnis
712 2090 860 2148 nocturnis
888 2089 1055 2164 diurnisque
1083 2088 1180 2146 itiner-

146 2205 175 2240 ιο
187 2188 251 2246 ibus
272 2186 422 2244 contendit
442 2195 644 2262 occupatoque
665 2187 775 2262 oppido
796 2187 835 2244 ibi
854 2187 1030 2262 praesidium
1047 2186 1180 2246 collocat.

188 2291 241 2344 89.
262 2284 342 2342 Dum
373 2299 483 2358 paucos
513 2283 575 2342 dies
608 2283 646 2343 ad
669 2283 882 2342 Vesontionem
910 2284 950 2341 rei
977 2283 1182 2341 frumentariae

192 2391 429 2456 commeatusque
461 2397 549 2440 eausa
580 2390 715 2450 moratur,
746 2398 782 2438 ex
815 2381 1033 2456 percontatione
1065 2390 1181 2439 nostro·
1282 2367 1283 2378 l

188 2497 254 2536 rum
285 2478 463 2552 vocibusque
497 2475 648 2534 Gallorum
681 2495 716 2542 ae
750 2487 952 2549 mercatorum,
986 2478 1036 2554 qui
1069 2478 1183 2554 ingenti

188 2574 388 2650 magnitudine
410 2591 565 2649 corporum
587 2572 759 2645 Germanos,
781 2575 939 2634 incredibili
964 2575 1065 2633 virtute
1094 2586 1182 2652 atque

146 2689 174 2739 ²5
190 2672 392 2732 exercitatione
410 2671 440 2728 in
459 2672 546 2728 armis
565 2689 629 2731 esse
648 2673 852 2746 praedicabant
875 2676 1097 2749 (saepenumero
1117 2691 1182 2732 sese

190 2769 317 2828 cumbis
331 2786 504 2844 congressos
519 2786 556 2826 ne
569 2769 676 2826 vultum
690 2771 807 2845 quidem
821 2781 907 2846 atque
922 2772 1015 2830 aciem
1029 2771 1183 2830 oculorum

189 2866 324 2924 dicebant
345 2865 417 2924 serre
438 2861 587 2943 potuisse),
608 2876 703 2926 tantus
724 2868 819 2925 subito
844 2869 929 2926 timor
953 2886 1073 2928 omnem
1099 2887 1184 2926 exer-

189 2965 277 3022 citum
291 2963 450 3038 occupavit,
464 2972 496 3020 ut
514 2981 574 3020 non
587 2965 767 3022 mediocriter
781 2966 912 3023 omnium
926 2977 1038 3024 mentes
1053 2966 1184 3026 animos.

190 3081 246 3139 que
266 3063 450 3139 perturbaret.
493 3059 551 3119 Hic
570 3061 695 3136 primum
714 3073 794 3122 ortus
814 3073 859 3121 est
878 3082 895 3121 a
915 3065 1035 3122 tribunis
1049 3064 1183 3136 militum,

147 3179 177 3228 30
190 3158 340 3235 praefectis
362 3158 542 3233 reliquisque,
557 3159 606 3234 qui
626 3177 662 3217 ex
681 3160 752 3217 urbe
766 3161 907 3218 amicitiae
922 3179 1009 3219 causa
1024 3160 1186 3218 Caesarem

191 3257 280 3314 secuti
296 3273 357 3313 non
376 3273 515 3330 magnum
533 3257 563 3313 in
582 3274 612 3313 re
632 3257 744 3314 militari
765 3275 851 3316 usum
870 3257 1030 3316 habebant:
1057 3274 1186 3332 quorum

191 3346 262 3412 alius
276 3353 330 3410 alia
342 3371 429 3410 causa
449 3353 533 3424 illata,
549 3373 637 3429 quam
658 3355 711 3412 sibi
732 3354 770 3412 ad
788 3355 1032 3430 proficiscendum
1046 3371 1186 3413 necessa-

190 3449 262 3520 riam
275 3467 338 3509 esse
356 3451 469 3522 diceret,
484 3452 609 3526 petebat,
623 3460 655 3511 ut
676 3451 736 3510 eius
747 3451 891 3512 voluntate
906 3452 1052 3512 discedere
1065 3451 1165 3510 liceret
1173 3471 1185 3528 ς
