2606 3934
172 194 211 240 10
496 191 526 241 G·
549 192 643 240 IULII
663 191 836 242 CAESARIS
1134 196 1158 244 1.

173 319 246 410 erat,'
256 357 344 415 quern
356 341 558 417 vergobretum
576 341 722 418 appellant
737 341 840 414 Aedui,
856 341 906 420 qui
924 351 1035 404 creatur
1048 359 1161 402 annuus

173 447 203 498 et
222 437 296 496 vitae
323 439 459 515 necisque
487 438 517 498 in
542 456 613 502 suos
637 439 724 498 habet
751 449 934 516 potestatem,
961 441 1083 515 graviter
1109 457 1162 500 eos

173 544 298 607 accusat,
313 535 402 611 quod,
415 553 482 594 cum
503 555 599 612 neque
619 537 676 597 emi
694 555 788 614 neque
808 554 845 595 ex
864 537 940 612 agris
960 537 1034 596 sumi
1053 545 1161 613 posset,

173 643 233 692 tarn
260 633 422 692 necessario
449 642 588 709 tempore,
616 643 675 692 tam
702 634 873 712 propinquis
900 634 1031 694 hostibus
1062 635 1100 694 ab
1128 634 1162 694 iis

147 747 235 796 snon
263 731 424 790 sublevetur
431 748 440 803 ;
468 732 635 808 praesertim
663 749 730 790 cum
756 750 865 810 magna
888 749 924 792 ex
951 742 1032 809 parte
1060 749 1162 790 eorum

174 829 306 906 precibus
328 828 469 888 adductus
491 828 597 887 bellum
621 829 785 905 susceperit,
807 830 898 888 multo
925 831 1012 888 etiam
1039 828 1162 906 gravius,

173 927 254 1002 quod
263 927 298 984 sit
309 926 467 998 destitutus,
476 927 611 1003 queritur.
645 933 691 988 17.
706 926 784 984 Tum
794 927 912 986 demum
921 926 1024 987 Liscus
1033 927 1163 986 oratione

174 1023 307 1084 Caesaris
338 1025 488 1096 adductus,
519 1025 598 1100 quod
630 1035 716 1084 antea
746 1034 880 1096 tacuerat,
909 1026 1063 1104 proponit:
1090 1025 1164 1086 Esse

174 1122 338 1192 nonnullos,
356 1140 479 1202 quorum
499 1123 654 1182 auctoritas
673 1123 751 1198 apud
765 1123 880 1198 plebem
894 1125 1049 1200 plurimum
1063 1123 1164 1196 valeat,

133 1222 225 1296 toqui
253 1222 383 1298 privatim
411 1222 475 1300 plus
503 1222 617 1300 possint
646 1240 734 1298 quam
760 1222 816 1298 ipsi
845 1224 1039 1299 magistratus.
1097 1222 1165 1282 Hos

176 1322 311 1381 seditiosa
336 1331 422 1398 atque
450 1322 583 1398 improba
612 1323 742 1381 oratione
777 1321 988 1382 multitudinem
1015 1321 1165 1396 deterrere,

176 1439 213 1479 ne
234 1419 409 1480 frumentum
429 1418 589 1489 conferant,
611 1422 691 1496 quod
717 1430 862 1496 praestare
889 1420 1032 1478 debeant:
1062 1418 1087 1480 si
1107 1419 1166 1478 iam

176 1518 368 1596 principatum
392 1515 502 1576 Galliae
525 1517 656 1576 obtinere
678 1537 738 1578 non
761 1519 883 1595 possint,
906 1517 1056 1578 Gallorum
1078 1534 1167 1592 quam
1201 1573 1206 1586 ,

177 1614 379 1673 Romanorum
411 1615 532 1692 imperia
558 1615 710 1690 praeferre,
738 1635 834 1693 neque
868 1617 1006 1687 dubitare,
1034 1615 1114 1692 quin,
1142 1615 1167 1674 si

135 1734 163 1785 ¹5
178 1713 327 1771 Helvetios
355 1722 550 1788 superaverint
580 1712 714 1785 Romani,
746 1731 805 1773 una
835 1731 902 1772 curn
932 1713 1042 1788 reliqua
1074 1711 1169 1771 Gallia

177 1810 287 1869 Aeduis
308 1809 466 1868 libertatem
483 1811 540 1871 sint
560 1811 691 1888 erepturi.
732 1810 780 1868 Ab
804 1811 915 1870 eisdem
934 1820 1032 1870 nostra
1049 1809 1170 1868 consilia

178 1925 309 1986 quaeque
331 1907 481 1968 incastris
506 1920 641 1986 gerantur
667 1908 798 1968 hostibus
825 1909 982 1980 enuntiari:
1009 1907 1065 1968 hos
1092 1925 1110 1966 a
1137 1924 1169 1966 se

179 2007 303 2066 co'e'rceri
332 2023 394 2064 non
424 2024 519 2083 posse.
574 2007 654 2079 Quin
686 2007 781 2078 etiam,
809 2007 889 2083 quod
916 2006 1080 2066 necessario
1107 2023 1170 2064 rem

132 2171 135 2176 ,
178 2114 295 2164 coaetus
316 2103 433 2164 Caesari
455 2107 614 2177 enuntiarit,
636 2104 799 2180 intellegere
828 2122 900 2176 sese,
922 2113 1031 2180 quanto
1052 2102 1083 2161 id
1103 2120 1170 2162 cum

137 2219 167 2254 20
178 2182 305 2280 periculo
325 2203 431 2274 fecerit,
452 2213 482 2262 et
502 2205 541 2264 ob
562 2223 628 2263 eam
649 2220 774 2274 causam,
796 2220 885 2278 quam
906 2202 955 2260 diu
976 2201 1108 2278 potuerit,
1128 2210 1171 2258 ta-

180 2302 282 2362 cuisse.
315 2307 364 2360 18.
379 2299 488 2360 Caesar
501 2302 556 2360 hac
570 2303 701 2360 oratione
715 2300 793 2359 Lisci
807 2300 1028 2376 Dumnorigem,
1037 2298 1172 2357 Divitiaci

181 2398 303 2470 fratrem,
320 2398 464 2473 designari
482 2400 630 2469 sentiebat,
646 2399 706 2469 sed,
728 2398 808 2474 quod
826 2399 955 2474 pluribus
972 2397 1173 2474 praesentibus

182 2515 231 2555 eas
253 2514 298 2554 res
315 2495 414 2554 iactari
433 2496 559 2568 nolebat,
579 2497 708 2556 celeriter
731 2497 886 2556 concilium
912 2497 1034 2567 dimittit,
1054 2495 1174 2554 Liscum

182 2595 292 2653 retinet.
334 2592 454 2664 Quaerit
490 2613 526 2654 ex
559 2595 624 2654 solo
648 2613 691 2662 ea,
719 2611 793 2670 quae
823 2596 853 2654 in
877 2605 1022 2655 conventu
1055 2594 1173 2652 dixerat.

141 2716 169 2764 25
183 2693 261 2752 Dicit
294 2693 409 2752 liberius
443 2703 530 2769 atque
563 2694 708 2753 audacius.
751 2693 863 2753 Eadem
897 2704 1008 2753 secreto
1042 2692 1079 2750 ab
1112 2691 1175 2750 aliis

185 2791 310 2868 quaerit;
345 2793 470 2867 repperit
508 2809 573 2852 esse
603 2809 685 2850 vera:
720 2790 821 2868 Ipsum
852 2810 916 2851 esse
952 2789 1175 2865 Dumaorigem,

185 2907 298 2948 summa
320 2889 448 2962 audacia,
468 2908 577 2966 magna
597 2892 675 2967 apud
696 2892 812 2968 plebem
836 2898 955 2968 propter
977 2887 1177 2950 liberalitatem

185 2988 282 3064 gratia,
311 2987 448 3062 cupidum
474 3006 570 3046 rerum
597 3007 746 3048 novarum.
792 2987 957 3063 Compluris
984 3003 1079 3045 annos
1106 3003 1177 3062 por·

185 3087 257 3144 toria
276 3085 442 3161 reliquaque
469 3087 568 3144 omnia
594 3086 764 3146 Aeduorum
791 3085 941 3161 vectigalia
966 3101 1056 3160 parvo
1082 3083 1179 3160 pretio

140 3191 173 3238 30
185 3185 333 3261 redempta
355 3183 469 3254 habere,
492 3194 647 3260 propterea
667 3185 746 3260 quod
767 3183 815 3241 illo
842 3183 944 3241 licente
973 3192 1074 3240 contra
1099 3179 1180 3240 liceri

186 3283 289 3340 audeat
312 3299 408 3340 nemo.
451 3281 507 3341 His
529 3268 615 3340 rebus
637 3291 665 3340 et
687 3299 769 3339 suam
793 3298 854 3338 rem
872 3279 1041 3338 familiarem
1062 3278 1179 3336 auxisse

187 3391 215 3438 et
236 3379 382 3438 facultates
404 3379 441 3439 ad
464 3379 645 3454 largiendum
667 3397 790 3454 magnas
814 3395 1015 3454 comparasse;
1037 3393 1181 3457 magnum

187 3497 337 3538 numerum
364 3480 505 3556 equitatus
534 3495 587 3538 suo
616 3487 734 3555 sumptu
761 3495 874 3553 semper
902 3477 976 3536 alere
1008 3484 1038 3536 et
1070 3475 1180 3536 circum
