2634 3914
135 231 273 319 34—38.
360 247 405 295 mr
426 245 537 294 uarro
561 243 710 294 onrrroo
733 245 841 294 coum
870 246 899 294 ν.
1067 251 1106 294 10
1113 252 1123 292 r
1203 275 1204 280 ,

134 401 271 476 Titurius,
294 421 360 461 cum
385 402 485 478 procul
513 401 713 477 Ambiorigem
739 419 808 460 suos
832 400 1033 459 cohortantem
1058 419 1127 460 con-

134 499 283 576 spexisset,
314 500 499 575 interpretem
531 517 616 558 suum
648 497 766 556 Gneum
794 497 967 573 Pompeium
994 499 1032 557 ad
1060 517 1128 556 eum

133 597 220 655 mittit
239 607 384 671 rogatum,
403 605 434 654 ut
456 597 509 654 sibi
530 596 725 670 militibusque
746 605 854 670 parcat.
897 595 948 653 Ille
967 597 1128 672 appellatus

133 695 300 769 respondit:
327 694 357 752 Si
376 695 442 753 velit
463 712 563 753 secum
584 693 719 768 colloqui,
741 693 841 766 licere;
867 711 982 769 sperare
1004 712 1021 751 a
1042 693 1127 750 mult-

133 791 242 850 itudine
259 792 405 868 impetrari
422 810 519 868 posse,
535 789 614 868 quod
631 790 669 848 ad
686 790 808 848 militum
828 791 950 849 salutem
970 793 1126 867 pertineat3
1143 805 1156 854 5

134 891 189 966 ipsi
209 909 277 949 vero
299 891 369 950 nihil
390 891 521 948 nocitum
542 889 583 960 iri,
605 888 692 965 inque
714 906 779 946 eam
800 907 861 947 rem
883 907 914 947 se
936 907 1019 947 suam
1040 889 1128 946 fidem

133 987 326 1063 interponere.
368 989 419 1046 Ille
434 1006 502 1046 eum
517 985 604 1045 Cotta
618 986 716 1044 saucio
732 986 936 1056 communicat,
952 987 975 1044 si
990 987 1127 1056 videatur,

134 1104 234 1161 pugna
260 1095 292 1144 ut
320 1087 463 1145 excedant
487 1094 516 1144 et
540 1101 608 1143 cum
632 1083 801 1158 Ambiorige
825 1102 884 1141 una
909 1085 1127 1160 colloquantur:

133 1204 249 1262 sperare
274 1187 311 1244 ab
335 1202 371 1243 eo
397 1185 433 1243 de
458 1201 511 1242 sua
535 1201 570 1240 ac
594 1183 715 1239 militum
740 1181 832 1240 salute
859 1182 1005 1256 impetrari
1032 1201 1128 1258 posse.

134 1282 220 1342 Cotta
251 1300 281 1342 se
307 1282 345 1340 ad
373 1291 515 1339 annatum
542 1280 657 1338 hostem
685 1280 790 1336 iturum
815 1289 902 1354 negat
926 1290 1012 1357 atque
1039 1281 1070 1339 in
1093 1299 1129 1339 eo
1143 1305 1174 1339 10

132 1364 304 1456 perseverat.
346 1387 395 1441 37.
417 1381 541 1438 Sabinus
556 1395 631 1454 quos
645 1379 675 1435 in
689 1379 851 1454 praesentia
862 1380 993 1438 tribunos
1007 1379 1129 1438 militum

133 1479 243 1537 circum
271 1497 302 1537 se
330 1478 456 1536 habebat
480 1485 508 1535 et
535 1476 694 1552 primorum
723 1476 857 1534 ordinum
886 1478 1069 1536 centuriones
1097 1497 1129 1536 se

133 1577 216 1652 sequi
234 1577 313 1634 iubet
335 1585 371 1647 et,
389 1593 457 1634 cum
477 1574 598 1650 propius
617 1572 819 1648 Ambiorigem
840 1575 1016 1646 accessisset,
1035 1576 1129 1634 iussus

134 1693 215 1733 arma
245 1675 358 1733 abicere
389 1675 560 1751 imperatum
588 1671 657 1730 facit
689 1672 814 1747 suisque,
853 1683 885 1731 ut
906 1674 984 1732 idem
1014 1673 1127 1746 faciant,

133 1773 263 1850 imperat.
305 1773 432 1843 Interim,
461 1771 531 1829 dum
560 1771 597 1828 de
624 1769 846 1829 condicionibus
877 1773 951 1830 inter
979 1790 1010 1830 se
1039 1783 1129 1848 agunt
1145 1790 1172 1840 15

136 1871 308 1948 longiorque
323 1871 457 1930 consulto
472 1870 509 1926 ab
519 1868 690 1943 Ambiorige
705 1868 861 1926 instituitur
875 1887 979 1940 sermo,
991 1870 1128 1946 paulatim

133 1970 343 2028 circumventus
367 1967 544 2025 interficitur.
587 1965 667 2022 Turn
694 1983 762 2023 vero
791 1983 845 2024 suo
870 1985 951 2024 more
979 1967 1128 2026 victoriam

134 2067 320 2126 conclamant
346 2074 432 2141 atque
460 2063 600 2122 ululatum
628 2062 731 2120 tollunt
758 2063 926 2140 impetuque
955 2064 984 2122 in
1012 2077 1128 2124 nostros

134 2165 210 2224 facto
229 2165 347 2224 ordines
368 2155 552 2240 perturbant.v
586 2159 631 2218 Ibi
652 2159 758 2219 Lucius
780 2159 866 2218 Cotta
887 2181 1022 2237 pugnans
1042 2163 1129 2222 inter·

134 2263 227 2321 ficitur
252 2281 319 2320 cum
347 2261 474 2318 maxima
501 2267 582 2335 parte
607 2257 737 2315 militum.
780 2257 896 2335 Reliqui
924 2277 955 2318 se
982 2261 1013 2318 in
1037 2271 1130 2319 castra
1145 2287 1175 2322 20

133 2361 283 2436 recipiunt,
312 2359 391 2417 unde
419 2367 501 2417 erant
528 2350 657 2432 egressi.⁸
687 2355 732 2413 Ex
764 2357 867 2432 quibus
895 2357 1003 2416 Lucius
1030 2357 1130 2417 Petro-

134 2460 224 2520 sidius
241 2459 379 2535 aquilifer,
395 2476 462 2516 cum
477 2474 584 2532 magna
600 2454 781 2513 multitudine
798 2456 925 2514 hostium
944 2467 1129 2532 premeretur,

134 2557 260 2633 aquilam
288 2557 362 2614 intra
389 2555 495 2638 vallum
523 2553 652 2630 proiecit,
676 2552 739 2628 ipse
767 2571 821 2629 pro
850 2555 949 2613 castris
977 2555 1130 2614 fortissime

134 2673 270 2733 pugnans
294 2653 442 2712 occiditur.
485 2651 529 2709 Illi
557 2669 643 2726 aegre
672 2651 709 2708 ad
737 2661 854 2710 noctem
882 2654 1131 2729 oppugnationem

135 2753 293 2824 sustinent;
323 2761 411 2809 noctu
432 2749 470 2807 ad
491 2766 581 2806 unum
602 2765 706 2807 omnes
731 2749 883 2824 desperata
904 2751 995 2809 salute
1020 2771 1051 2810 se
1077 2753 1131 2828 ipsi
1147 2774 1176 2823 25

133 2850 317 2909 interficiunt.
359 2848 447 2908 Pauci
468 2865 505 2904 ex
528 2846 639 2922 proelio
661 2847 751 2922 elapsi
775 2847 891 2904 incertis
912 2848 1059 2908 itineribus
1080 2868 1132 2924 per

135 2949 222 3008 silvas
246 2947 284 3005 ad
312 2945 413 3004 Titum
437 2943 599 3002 Labienum
623 2943 751 3019 legatum
776 2945 806 3001 in
820 2944 939 3002 hiberna
963 2947 1132 3022 perveniunt

136 3057 224 3123 atque
255 3063 322 3103 eum
354 3045 390 3102 de
421 3045 507 3101 rebus
537 3043 627 3130 gestis
655 3043 805 3101 certiorem
833 3043 949 3102 faciunt.
991 3051 1043 3103 38.
1066 3043 1133 3102 Hac

135 3143 255 3201 victoria
278 3141 407 3200 sublatus
432 3141 582 3199 Ambiorix
611 3141 707 3198 statim
732 3159 799 3198 cum
824 3142 952 3216 equitatu
979 3142 1011 3200 in
1035 3141 1133 3200 Adua-

136 3251 229 3310 tucos,
258 3240 308 3316 qui
332 3249 414 3297 erant
438 3239 500 3296 eius
528 3257 620 3314 regno
644 3239 773 3309 finitumi,
799 3239 1009 3314 proficiscitur;
1037 3258 1134 3315 neque
1148 3252 1179 3300 30

136 3347 256 3398 noctem
276 3355 373 3414 neque
394 3338 471 3396 diem
492 3337 650 3395 intermittit
671 3337 889 3413 peditatumque
911 3356 974 3396 sese
996 3339 1134 3413 subsequi

136 3437 224 3494 iubet.
267 3435 312 3492 Re
348 3435 544 3493 demonstrata
579 3424 797 3508 Aduatucisque
830 3435 980 3493 concitatis
1015 3445 1134 3511 postero

138 3535 186 3593 die
209 3533 239 3592 in
264 3531 386 3591 Nervios
411 3533 540 3609 pervenit
564 3531 760 3608 hortaturque,
783 3549 819 3589 ne
842 3532 885 3590 sui
910 3533 940 3591 in
964 3543 1135 3610 perpetuum
