2652 3928
150 267 171 328 6
170 267 287 348 5-67.
393 279 439 325 nn
460 278 570 326 narro
593 277 743 326 oxrrroo
766 277 873 326 oorrm
900 277 962 330 νη.
1080 263 1139 347 169

149 446 313 488 reversuros
329 446 429 503 neque
450 429 538 487 finem
558 427 682 487 bellandi
702 427 836 486 facturos.
877 427 1002 486 Proinde
1022 428 1139 504 agmine

150 527 304 603 impeditos
318 526 504 585 adorirentur.
547 525 577 584 Si
590 526 701 602 pedites
720 527 778 584 suis
793 525 929 584 auxilium
947 525 1040 584 ferant
1054 535 1139 600 atque

150 626 179 682 in
201 642 237 683 eo
258 635 414 696 morentur,
435 626 488 682 iter
508 623 603 682 facere
623 642 685 682 non
705 641 793 700 posse
803 642 812 696 ;
841 623 873 694 si,
893 623 924 682 id
945 624 1024 699 quod
1045 623 1139 698 magis

150 720 277 780 futurum
296 722 431 793 confidat,
446 722 551 780 relictis
571 721 783 798 impedimentis
798 739 867 779 suae
881 721 964 779 saluti
979 721 1137 791 consulant,

150 830 179 878 et
194 838 247 878 usu
260 839 356 878 rerum
370 821 598 878 necessariarum
618 829 647 878 et
667 820 806 895 dignitate
826 820 980 896 spoliatum
999 819 1047 891 iri;
1070 830 1166 880 nam5

151 917 187 974 de
214 919 357 993 equitibus
385 917 520 990 hostium,
545 917 616 995 quin
643 935 731 975 nemo
759 935 858 975 eorum
885 917 1021 994 progredi
1048 917 1138 975 modo

149 1024 231 1072 extra
251 1033 358 1090 agmen
376 1016 488 1086 audeat,
506 1025 535 1074 et
555 1015 635 1092 ipsos
656 1014 772 1090 quidem
793 1031 854 1072 non
875 1013 980 1073 debere
1001 1015 1138 1073 dubitare.

149 1111 186 1170 Id
207 1131 265 1189 quo
287 1114 396 1171 maiore
417 1113 524 1171 faciant
544 1113 650 1183 animo,
668 1113 768 1188 copias
789 1130 820 1171 se
840 1130 944 1170 omnes
965 1131 1018 1188 pro
1040 1113 1139 1170 castris

151 1209 314 1268 habiturum
328 1221 356 1270 et
374 1212 473 1270 terrori
488 1212 619 1270 hostibus
633 1210 767 1269 futurum.
802 1210 995 1270 Conclamant
1012 1212 1138 1287 equites:

151 1309 333 1367 sanctissimo
351 1309 534 1367 iureiurando
554 1309 718 1367 confirmari
739 1319 883 1384 oportere,
897 1327 935 1366 ne
952 1318 1029 1367 tecto
1047 1309 1139 1392 rec-ip·
1154 1326 1184 1361 10

150 1406 232 1477 iatur,
255 1425 292 1464 ne
320 1409 358 1466 ad
385 1407 499 1477 liberos,
524 1425 562 1464 ne
586 1406 624 1466 ad
648 1415 790 1482 parentes,
816 1406 854 1465 ad
880 1424 1002 1464 uxorem
1029 1407 1138 1464 aditum

150 1503 263 1574 habeat,
291 1506 341 1580 qui
371 1523 433 1563 non
462 1506 508 1563 bis
542 1523 594 1581 per
628 1523 734 1581 agmen
766 1505 893 1563 hostium
924 1505 1137 1582 perequitasset.

151 1608 203 1662 67.
224 1601 348 1662 Probata
370 1621 401 1660 re
423 1613 510 1678 atque
532 1603 668 1661 omnibus
689 1602 871 1661 iureiurando
892 1602 1000 1660 adactis
1021 1611 1137 1678 postero

149 1701 195 1758 die
210 1701 239 1757 in
253 1710 310 1759 tres
324 1710 420 1777 partes
435 1701 586 1760 distributo
605 1701 733 1777 equitatu
746 1701 820 1760 duae
835 1718 865 1759 se
881 1701 957 1759 acies
971 1701 1008 1759 ab
1024 1701 1138 1759 duobus

148 1797 283 1856 lateribus
297 1799 462 1869 ostendunt,
473 1817 532 1856 una
547 1817 564 1856 a
577 1800 671 1875 primo
686 1799 802 1874 agmine
815 1799 868 1856 iter
880 1798 1019 1874 impedire
1033 1800 1137 1875 coepit.
1154 1815 1181 1864 15

150 1894 218 1965 Qua
243 1914 274 1952 re
294 1896 425 1954 nuntiata
445 1895 553 1954 Caesar
573 1915 657 1954 suum
681 1913 797 1972 quoque
818 1896 975 1971 equitatum
999 1897 1137 1972 tripertito

149 1994 272 2052 divisum
296 2003 397 2053 contra
418 1993 532 2052 hostem
555 1995 596 2052 ire
618 1994 704 2052 iubet.
735 1993 893 2068 ¹Pugnatur
916 2011 975 2051 una
1002 1995 1138 2053 omnibus

149 2092 180 2148 in
200 2093 336 2167 partibus.
379 2091 519 2150 Consistit
539 2109 661 2167 agmen;
686 2091 894 2166 impedimenta
913 2091 987 2149 intra
1007 2091 1137 2167 legiones

149 2191 330 2264 recipiuntur.
373 2189 404 2247 Si
428 2207 486 2265 qua
512 2189 543 2246 in
571 2197 652 2266 parte
676 2189 768 2246 nostri
794 2189 925 2246 laborare
949 2196 998 2246 aut
1024 2190 1137 2264 gravius

149 2287 242 2362 premi
255 2287 431 2358 videbantur,
446 2304 482 2344 eo
503 2287 587 2362 signa
600 2287 697 2344 inferri
711 2285 819 2345 Caesar
836 2287 985 2363 aciemque
1003 2288 1137 2346 constitui
1153 2309 1183 2344 ro

149 2383 282 2442 iubebat:
311 2401 385 2460 quae
409 2403 455 2443 res
483 2395 511 2444 et
535 2384 633 2443 hostes
657 2385 696 2444 ad
722 2384 933 2460 insequendum
957 2385 1087 2445 tardabat
1110 2395 1139 2445 et

150 2465 267 2542 nostros
302 2500 353 2558 spe
388 2483 486 2540 auxilii
518 2483 715 2541 confirmabat.
758 2481 894 2541 Tandem
929 2480 1067 2541 Germani
1102 2485 1139 2542 ab

151 2581 253 2638 dextro
275 2581 361 2638 latere
382 2598 529 2640 summum
549 2583 650 2658 iugum
670 2581 747 2639 nacti
767 2580 866 2639 hostes
888 2581 955 2639 loco
976 2581 1138 2657 depellunt3

150 2676 293 2752 fugientes
313 2695 405 2752 usque
430 2678 468 2736 ad
491 2678 609 2750 flumen,
630 2679 679 2736 ubi
700 2679 921 2754 Vercingetorix
946 2697 1013 2736 cum
1037 2681 1139 2756 pedes·

150 2777 240 2834 tribus
268 2777 360 2852 copiis
390 2776 568 2848 consederat,
582 2785 791 2853 persequuntur
811 2776 1032 2853 compluresque
1053 2779 1138 2837 inter·
1154 2799 1183 2848 ²5

150 2874 258 2932 ficiunt.
302 2872 370 2945 Qua
388 2893 419 2932 re
433 2875 631 2932 animadversa
644 2875 752 2950 reliqui,
767 2891 804 2932 ne
824 2875 1039 2934 circumirentur
1051 2877 1139 2948 veriti,

151 2991 183 3030 se
198 2971 283 3046 fugae
298 2973 445 3030 mandant.
488 2970 632 3032 Omnibus
646 2971 717 3029 locis
736 2971 768 3030 fit
781 2971 893 3030 caedes.
936 2971 1010 3031 Tres
1023 2973 1140 3031 nobilis-

151 3070 216 3127 simi
230 3069 325 3127 Aedui
344 3069 422 3144 capti
435 3068 472 3127 ad
487 3067 642 3128 Caesarem
660 3068 874 3144 perducuntur:
896 3067 996 3139 Cotus,
1011 3069 1139 3146 praefec-

151 3178 198 3226 tus
216 3167 352 3243 equitum,
367 3167 416 3242 qui
436 3167 659 3226 controversiam
678 3185 745 3225 cum
764 3166 983 3226 Convictolitavi
1001 3168 1140 3243 proximis

151 3265 275 3323 comitiis
310 3263 456 3334 habuerat,
491 3273 520 3322 et
554 3263 720 3335 Cavarillus,
756 3265 806 3341 qui
839 3273 907 3340 post
947 3263 1139 3324 defectionem
1154 3284 1185 3333 30

151 3361 288 3420 Litavicci
308 3361 487 3438 pedestribus
509 3361 600 3438 copiis
627 3361 798 3436 praefuerat,
820 3371 848 3419 et
868 3360 1058 3436 Eporedorix,
1080 3382 1139 3440 quo

151 3460 227 3517 duce
251 3467 316 3516 ante
345 3459 499 3518 adventum
527 3457 658 3517 Caesaris
684 3457 778 3516 Aedui
806 3476 873 3517 cum
903 3458 1044 3537 Sequanis
1060 3443 1140 3522 bello

152 3556 368 3618 contenderant.
