<?xml version="1.0" encoding="UTF-8"?>
<!DOCTYPE html PUBLIC "-//W3C//DTD XHTML 1.0 Transitional//EN"
    "http://www.w3.org/TR/xhtml1/DTD/xhtml1-transitional.dtd">
<html xmlns="http://www.w3.org/1999/xhtml" xml:lang="en" lang="en">
 <head>
  <title>
</title>
<meta http-equiv="Content-Type" content="text/html;charset=utf-8" />
  <meta name='ocr-system' content='tesseract 3.04.00' />
  <meta name='ocr-capabilities' content='ocr_page ocr_carea ocr_par ocr_line ocrx_word'/>
</head>
<body>
  <div class='ocr_page' id='page_1' title='image "./commentariescju01caesgoog_0077.png"; bbox 0 0 2606 3934; ppageno 0'>
   <div class='ocr_carea' id='block_1_1' title="bbox 468 650 959 740">
    <p class='ocr_par' dir='ltr' id='par_1_1' title="bbox 468 650 959 740">
     <span class='ocr_line' id='line_1_1' title="bbox 468 650 959 740; baseline -0.006 -22"><span class='ocrx_word' id='word_1_1' title='bbox 468 652 503 718; x_wconf 88' lang='lat' dir='ltr'>c.</span> <span class='ocrx_word' id='word_1_2' title='bbox 536 653 658 718; x_wconf 79' lang='lat' dir='ltr'>ruirr</span> <span class='ocrx_word' id='word_1_3' title='bbox 691 650 959 740; x_wconf 72' lang='lat' dir='ltr'>chesnius</span> 
     </span>
    </p>
   </div>
   <div class='ocr_carea' id='block_1_2' title="bbox 275 879 1118 964">
    <p class='ocr_par' dir='ltr' id='par_1_2' title="bbox 275 879 1118 964">
     <span class='ocr_line' id='line_1_2' title="bbox 275 879 1118 964; baseline 0.001 -2"><span class='ocrx_word' id='word_1_4' title='bbox 275 880 375 962; x_wconf 88' lang='lat' dir='ltr'>DE</span> <span class='ocrx_word' id='word_1_5' title='bbox 446 881 702 964; x_wconf 92' lang='lat' dir='ltr'><strong>BELLO</strong></span> <span class='ocrx_word' id='word_1_6' title='bbox 772 879 1118 963; x_wconf 89' lang='lat' dir='ltr'><strong>GALLICO</strong></span> 
     </span>
    </p>
   </div>
   <div class='ocr_carea' id='block_1_3' title="bbox 449 1146 947 1200">
    <p class='ocr_par' dir='ltr' id='par_1_3' title="bbox 449 1146 947 1200">
     <span class='ocr_line' id='line_1_3' title="bbox 449 1146 947 1200; baseline -0.006 -1"><span class='ocrx_word' id='word_1_7' title='bbox 449 1146 748 1199; x_wconf 87' lang='lat' dir='ltr'><strong>COMMENTARIUS</strong></span> <span class='ocrx_word' id='word_1_8' title='bbox 778 1147 947 1200; x_wconf 82' lang='lat' dir='ltr'><strong>TERTIUS.</strong></span> 
     </span>
    </p>
   </div>
   <div class='ocr_carea' id='block_1_4' title="bbox 492 1404 878 1483">
    <p class='ocr_par' dir='ltr' id='par_1_4' title="bbox 492 1404 878 1483">
     <span class='ocr_line' id='line_1_4' title="bbox 492 1404 878 1483; baseline 0.003 -19"><span class='ocrx_word' id='word_1_9' title='bbox 492 1404 564 1465; x_wconf 76' lang='lat' dir='ltr'>rae.</span> <span class='ocrx_word' id='word_1_10' title='bbox 588 1407 636 1479; x_wconf 78' lang='lat'>5⁶.</span> <span class='ocrx_word' id='word_1_11' title='bbox 677 1405 786 1466; x_wconf 73' lang='lat' dir='ltr'>nuc.</span> <span class='ocrx_word' id='word_1_12' title='bbox 810 1409 878 1483; x_wconf 76' lang='lat'><strong>⁶98.</strong></span> 
     </span>
    </p>
   </div>
   <div class='ocr_carea' id='block_1_5' title="bbox 275 1601 1115 1669">
    <p class='ocr_par' dir='ltr' id='par_1_5' title="bbox 275 1601 1115 1669">
     <span class='ocr_line' id='line_1_5' title="bbox 275 1601 1115 1669; baseline 0.002 -17"><span class='ocrx_word' id='word_1_13' title='bbox 275 1602 358 1653; x_wconf 86' lang='lat' dir='ltr'>Naval</span> <span class='ocrx_word' id='word_1_14' title='bbox 368 1603 429 1652; x_wconf 89' lang='lat' dir='ltr'>War</span> <span class='ocrx_word' id='word_1_15' title='bbox 439 1601 464 1650; x_wconf 88' lang='lat' dir='ltr'>in</span> <span class='ocrx_word' id='word_1_16' title='bbox 475 1603 612 1652; x_wconf 86' lang='lat' dir='ltr'>Armorica.</span> <span class='ocrx_word' id='word_1_17' title='bbox 638 1602 776 1669; x_wconf 85' lang='lat' dir='ltr'>Campaign</span> <span class='ocrx_word' id='word_1_18' title='bbox 788 1604 817 1652; x_wconf 84' lang='lat' dir='ltr'>of</span> <span class='ocrx_word' id='word_1_19' title='bbox 825 1603 927 1653; x_wconf 82' lang='lat' dir='ltr'>Crassus</span> <span class='ocrx_word' id='word_1_20' title='bbox 937 1603 963 1652; x_wconf 89' lang='lat' dir='ltr'>in</span> <span class='ocrx_word' id='word_1_21' title='bbox 976 1603 1115 1669; x_wconf 80' lang='lat' dir='ltr'>Aquitania</span> 
     </span>
    </p>
   </div>
   <div class='ocr_carea' id='block_1_6' title="bbox 161 1770 1213 3504">
    <p class='ocr_par' dir='ltr' id='par_1_6' title="bbox 206 1770 1196 2140">
     <span class='ocr_line' id='line_1_6' title="bbox 245 1770 1194 1848; baseline -0.002 -18"><span class='ocrx_word' id='word_1_22' title='bbox 245 1777 271 1831; x_wconf 90' lang='lat'>1.</span> <span class='ocrx_word' id='word_1_23' title='bbox 293 1770 367 1829; x_wconf 83' lang='lat' dir='ltr'>Cuir</span> <span class='ocrx_word' id='word_1_24' title='bbox 380 1771 411 1828; x_wconf 90' lang='lat' dir='ltr'>in</span> <span class='ocrx_word' id='word_1_25' title='bbox 425 1770 536 1829; x_wconf 89' lang='lat' dir='ltr'>Italiam</span> <span class='ocrx_word' id='word_1_26' title='bbox 551 1771 781 1848; x_wconf 87' lang='lat' dir='ltr'>proficisceretur</span> <span class='ocrx_word' id='word_1_27' title='bbox 795 1770 911 1843; x_wconf 90' lang='lat' dir='ltr'>Caesar,</span> <span class='ocrx_word' id='word_1_28' title='bbox 922 1771 1052 1830; x_wconf 88' lang='lat' dir='ltr'>Servium</span> <span class='ocrx_word' id='word_1_29' title='bbox 1067 1770 1194 1830; x_wconf 83' lang='lat' dir='ltr'>Galbam</span> 
     </span>
     <span class='ocr_line' id='line_1_7' title="bbox 206 1869 1195 1946; baseline 0.001 -19"><span class='ocrx_word' id='word_1_30' title='bbox 206 1887 273 1928; x_wconf 89' lang='lat' dir='ltr'>curn</span> <span class='ocrx_word' id='word_1_31' title='bbox 293 1869 407 1944; x_wconf 86' lang='lat' dir='ltr'><strong>legione</strong></span> <span class='ocrx_word' id='word_1_32' title='bbox 430 1880 525 1927; x_wconf 85' lang='lat' dir='ltr'>x11et</span> <span class='ocrx_word' id='word_1_33' title='bbox 548 1879 629 1946; x_wconf 90' lang='lat' dir='ltr'>parte</span> <span class='ocrx_word' id='word_1_34' title='bbox 650 1870 792 1945; x_wconf 87' lang='lat' dir='ltr'>equitatus</span> <span class='ocrx_word' id='word_1_35' title='bbox 819 1871 849 1928; x_wconf 95' lang='lat' dir='ltr'>in</span> <span class='ocrx_word' id='word_1_36' title='bbox 871 1869 1025 1928; x_wconf 85' lang='lat' dir='ltr'>Nantuatis</span> <span class='ocrx_word' id='word_1_37' title='bbox 1046 1869 1195 1945; x_wconf 82' lang='lat' dir='ltr'>Veragros</span> 
     </span>
     <span class='ocr_line' id='line_1_8' title="bbox 209 1966 1196 2042; baseline 0 -18"><span class='ocrx_word' id='word_1_38' title='bbox 209 1966 399 2041; x_wconf 89' lang='lat' dir='ltr'>Sedunosque</span> <span class='ocrx_word' id='word_1_39' title='bbox 430 1967 516 2038; x_wconf 90' lang='lat' dir='ltr'>misit,</span> <span class='ocrx_word' id='word_1_40' title='bbox 550 1968 598 2041; x_wconf 93' lang='lat' dir='ltr'>qui</span> <span class='ocrx_word' id='word_1_41' title='bbox 631 1968 668 2024; x_wconf 95' lang='lat' dir='ltr'>ab</span> <span class='ocrx_word' id='word_1_42' title='bbox 699 1967 804 2025; x_wconf 89' lang='lat' dir='ltr'>finibus</span> <span class='ocrx_word' id='word_1_43' title='bbox 840 1967 1034 2042; x_wconf 75' lang='lat' dir='ltr'>Allobrogum</span> <span class='ocrx_word' id='word_1_44' title='bbox 1067 1975 1096 2024; x_wconf 93' lang='lat' dir='ltr'>et</span> <span class='ocrx_word' id='word_1_45' title='bbox 1130 1966 1196 2024; x_wconf 89' lang='lat' dir='ltr'>lacu</span> 
     </span>
     <span class='ocr_line' id='line_1_9' title="bbox 208 2063 1196 2140; baseline -0.002 -18"><span class='ocrx_word' id='word_1_46' title='bbox 208 2063 360 2122; x_wconf 88' lang='lat' dir='ltr'>Lemanno</span> <span class='ocrx_word' id='word_1_47' title='bbox 381 2074 409 2122; x_wconf 91' lang='lat' dir='ltr'>et</span> <span class='ocrx_word' id='word_1_48' title='bbox 426 2064 544 2122; x_wconf 89' lang='lat' dir='ltr'>flumine</span> <span class='ocrx_word' id='word_1_49' title='bbox 562 2063 708 2122; x_wconf 92' lang='lat' dir='ltr'>Rhodano</span> <span class='ocrx_word' id='word_1_50' title='bbox 728 2065 766 2122; x_wconf 88' lang='lat' dir='ltr'>ad</span> <span class='ocrx_word' id='word_1_51' title='bbox 785 2081 913 2122; x_wconf 88' lang='lat' dir='ltr'>summas</span> <span class='ocrx_word' id='word_1_52' title='bbox 932 2064 1022 2140; x_wconf 89' lang='lat' dir='ltr'>Alpes</span> <span class='ocrx_word' id='word_1_53' title='bbox 1041 2064 1196 2139; x_wconf 86' lang='lat' dir='ltr'>pertinent.</span> 
     </span>
    </p>

    <p class='ocr_par' dir='ltr' id='par_1_7' title="bbox 182 2161 1203 2626">
     <span class='ocr_line' id='line_1_10' title="bbox 182 2161 1199 2240; baseline -0.004 -20"><span class='ocrx_word' id='word_1_54' title='bbox 182 2161 307 2240; x_wconf 79' lang='lat' dir='ltr'>5Causa</span> <span class='ocrx_word' id='word_1_55' title='bbox 326 2162 458 2220; x_wconf 90' lang='lat' dir='ltr'>mittendi</span> <span class='ocrx_word' id='word_1_56' title='bbox 478 2161 538 2232; x_wconf 86' lang='lat' dir='ltr'>fuit,</span> <span class='ocrx_word' id='word_1_57' title='bbox 558 2162 638 2237; x_wconf 93' lang='lat' dir='ltr'>quod</span> <span class='ocrx_word' id='word_1_58' title='bbox 659 2162 712 2218; x_wconf 87' lang='lat' dir='ltr'>iter</span> <span class='ocrx_word' id='word_1_59' title='bbox 732 2180 784 2237; x_wconf 88' lang='lat' dir='ltr'>per</span> <span class='ocrx_word' id='word_1_60' title='bbox 800 2161 900 2237; x_wconf 84' lang='lat' dir='ltr'>Alpes,</span> <span class='ocrx_word' id='word_1_61' title='bbox 923 2178 982 2236; x_wconf 93' lang='lat' dir='ltr'>quo</span> <span class='ocrx_word' id='word_1_62' title='bbox 1000 2178 1111 2236; x_wconf 88' lang='lat' dir='ltr'>magno</span> <span class='ocrx_word' id='word_1_63' title='bbox 1129 2177 1199 2217; x_wconf 90' lang='lat' dir='ltr'>curn</span> 
     </span>
     <span class='ocr_line' id='line_1_11' title="bbox 209 2259 1199 2335; baseline -0.003 -17"><span class='ocrx_word' id='word_1_64' title='bbox 209 2259 337 2335; x_wconf 89' lang='lat' dir='ltr'>periculo</span> <span class='ocrx_word' id='word_1_65' title='bbox 350 2260 520 2334; x_wconf 87' lang='lat' dir='ltr'>magnisque</span> <span class='ocrx_word' id='word_1_66' title='bbox 535 2277 602 2317; x_wconf 90' lang='lat' dir='ltr'>curn</span> <span class='ocrx_word' id='word_1_67' title='bbox 616 2260 749 2334; x_wconf 90' lang='lat' dir='ltr'>portoriis</span> <span class='ocrx_word' id='word_1_68' title='bbox 763 2268 938 2318; x_wconf 90' lang='lat' dir='ltr'>mercatores</span> <span class='ocrx_word' id='word_1_69' title='bbox 957 2260 998 2317; x_wconf 90' lang='lat' dir='ltr'>ire</span> <span class='ocrx_word' id='word_1_70' title='bbox 1013 2267 1199 2328; x_wconf 89' lang='lat' dir='ltr'>consuerant,</span> 
     </span>
     <span class='ocr_line' id='line_1_12' title="bbox 209 2355 1198 2433; baseline -0.004 -18"><span class='ocrx_word' id='word_1_71' title='bbox 209 2357 337 2433; x_wconf 89' lang='lat' dir='ltr'>patefieri</span> <span class='ocrx_word' id='word_1_72' title='bbox 355 2357 477 2414; x_wconf 91' lang='lat' dir='ltr'>volebat.</span> <span class='ocrx_word' id='word_1_73' title='bbox 519 2355 598 2413; x_wconf 89' lang='lat' dir='ltr'>Huic</span> <span class='ocrx_word' id='word_1_74' title='bbox 618 2357 755 2430; x_wconf 91' lang='lat' dir='ltr'>permisit,</span> <span class='ocrx_word' id='word_1_75' title='bbox 777 2357 801 2413; x_wconf 92' lang='lat' dir='ltr'>si</span> <span class='ocrx_word' id='word_1_76' title='bbox 822 2374 896 2431; x_wconf 91' lang='lat' dir='ltr'>opus</span> <span class='ocrx_word' id='word_1_77' title='bbox 917 2374 980 2414; x_wconf 91' lang='lat' dir='ltr'>esse</span> <span class='ocrx_word' id='word_1_78' title='bbox 1005 2357 1198 2424; x_wconf 87' lang='lat' dir='ltr'>arbitraretur,</span> 
     </span>
     <span class='ocr_line' id='line_1_13' title="bbox 210 2452 1202 2526; baseline -0.002 -14"><span class='ocrx_word' id='word_1_79' title='bbox 210 2454 252 2512; x_wconf 93' lang='lat' dir='ltr'>uti</span> <span class='ocrx_word' id='word_1_80' title='bbox 270 2455 300 2510; x_wconf 91' lang='lat' dir='ltr'>in</span> <span class='ocrx_word' id='word_1_81' title='bbox 317 2453 362 2510; x_wconf 94' lang='lat' dir='ltr'>his</span> <span class='ocrx_word' id='word_1_82' title='bbox 379 2453 450 2511; x_wconf 90' lang='lat' dir='ltr'>locis</span> <span class='ocrx_word' id='word_1_83' title='bbox 469 2452 615 2526; x_wconf 83' lang='lat' dir='ltr'>legionem</span> <span class='ocrx_word' id='word_1_84' title='bbox 634 2453 780 2510; x_wconf 90' lang='lat' dir='ltr'>hiemandi</span> <span class='ocrx_word' id='word_1_85' title='bbox 794 2471 881 2512; x_wconf 92' lang='lat' dir='ltr'>causa</span> <span class='ocrx_word' id='word_1_86' title='bbox 897 2454 1059 2512; x_wconf 88' lang='lat' dir='ltr'>collocaret.</span> <span class='ocrx_word' id='word_1_87' title='bbox 1104 2452 1202 2511; x_wconf 88' lang='lat' dir='ltr'>Galba</span> 
     </span>
     <span class='ocr_line' id='line_1_14' title="bbox 213 2548 1203 2626; baseline 0 -18"><span class='ocrx_word' id='word_1_88' title='bbox 213 2550 348 2608; x_wconf 89' lang='lat' dir='ltr'>secundis</span> <span class='ocrx_word' id='word_1_89' title='bbox 362 2549 470 2624; x_wconf 90' lang='lat' dir='ltr'>aliquot</span> <span class='ocrx_word' id='word_1_90' title='bbox 477 2549 595 2624; x_wconf 89' lang='lat' dir='ltr'>proeliis</span> <span class='ocrx_word' id='word_1_91' title='bbox 605 2548 685 2606; x_wconf 87' lang='lat' dir='ltr'>factis</span> <span class='ocrx_word' id='word_1_92' title='bbox 696 2550 875 2625; x_wconf 88' lang='lat' dir='ltr'>castellisque</span> <span class='ocrx_word' id='word_1_93' title='bbox 888 2550 1085 2626; x_wconf 90' lang='lat' dir='ltr'>compluribus</span> <span class='ocrx_word' id='word_1_94' title='bbox 1096 2567 1203 2608; x_wconf 90' lang='lat' dir='ltr'>eorum</span> 
     </span>
    </p>

    <p class='ocr_par' dir='ltr' id='par_1_8' title="bbox 171 2646 1206 2918">
     <span class='ocr_line' id='line_1_15' title="bbox 171 2646 1204 2724; baseline 0 -18"><span class='ocrx_word' id='word_1_95' title='bbox 171 2676 201 2712; x_wconf 86' lang='lat'>10</span> <span class='ocrx_word' id='word_1_96' title='bbox 213 2650 385 2724; x_wconf 86' lang='lat' dir='ltr'>expugnatis</span> <span class='ocrx_word' id='word_1_97' title='bbox 399 2647 493 2704; x_wconf 91' lang='lat' dir='ltr'>missis</span> <span class='ocrx_word' id='word_1_98' title='bbox 507 2646 544 2704; x_wconf 87' lang='lat' dir='ltr'>ad</span> <span class='ocrx_word' id='word_1_99' title='bbox 558 2665 626 2704; x_wconf 90' lang='lat' dir='ltr'>eum</span> <span class='ocrx_word' id='word_1_100' title='bbox 639 2647 767 2723; x_wconf 91' lang='lat' dir='ltr'>undique</span> <span class='ocrx_word' id='word_1_101' title='bbox 786 2649 887 2722; x_wconf 86' lang='lat' dir='ltr'>legatis</span> <span class='ocrx_word' id='word_1_102' title='bbox 904 2648 1110 2724; x_wconf 89' lang='lat' dir='ltr'>obsidibusque</span> <span class='ocrx_word' id='word_1_103' title='bbox 1125 2648 1204 2706; x_wconf 88' lang='lat' dir='ltr'>datis</span> 
     </span>
     <span class='ocr_line' id='line_1_16' title="bbox 214 2744 1205 2821; baseline 0 -17"><span class='ocrx_word' id='word_1_104' title='bbox 214 2758 242 2804; x_wconf 92' lang='lat' dir='ltr'>et</span> <span class='ocrx_word' id='word_1_105' title='bbox 271 2763 345 2821; x_wconf 91' lang='lat' dir='ltr'>pace</span> <span class='ocrx_word' id='word_1_106' title='bbox 378 2744 454 2802; x_wconf 86' lang='lat' dir='ltr'>sacta</span> <span class='ocrx_word' id='word_1_107' title='bbox 488 2745 634 2802; x_wconf 92' lang='lat' dir='ltr'>constituit</span> <span class='ocrx_word' id='word_1_108' title='bbox 668 2744 801 2803; x_wconf 91' lang='lat' dir='ltr'>cohortes</span> <span class='ocrx_word' id='word_1_109' title='bbox 835 2746 907 2804; x_wconf 88' lang='lat' dir='ltr'>duas</span> <span class='ocrx_word' id='word_1_110' title='bbox 943 2746 973 2802; x_wconf 92' lang='lat' dir='ltr'>in</span> <span class='ocrx_word' id='word_1_111' title='bbox 1006 2745 1205 2805; x_wconf 88' lang='lat' dir='ltr'>Nantuatibus</span> 
     </span>
     <span class='ocr_line' id='line_1_17' title="bbox 215 2841 1206 2918; baseline 0.001 -18"><span class='ocrx_word' id='word_1_112' title='bbox 215 2843 356 2901; x_wconf 90' lang='lat' dir='ltr'>collocare</span> <span class='ocrx_word' id='word_1_113' title='bbox 370 2842 473 2916; x_wconf 91' lang='lat' dir='ltr'>etipse</span> <span class='ocrx_word' id='word_1_114' title='bbox 488 2859 555 2898; x_wconf 90' lang='lat' dir='ltr'>cum</span> <span class='ocrx_word' id='word_1_115' title='bbox 569 2841 685 2915; x_wconf 88' lang='lat' dir='ltr'>reliquis</span> <span class='ocrx_word' id='word_1_116' title='bbox 699 2843 759 2901; x_wconf 88' lang='lat' dir='ltr'>eius</span> <span class='ocrx_word' id='word_1_117' title='bbox 773 2843 896 2918; x_wconf 91' lang='lat' dir='ltr'>legionis</span> <span class='ocrx_word' id='word_1_118' title='bbox 911 2844 1078 2903; x_wconf 86' lang='lat' dir='ltr'>cohortibus</span> <span class='ocrx_word' id='word_1_119' title='bbox 1093 2844 1123 2900; x_wconf 90' lang='lat' dir='ltr'>in</span> <span class='ocrx_word' id='word_1_120' title='bbox 1137 2844 1206 2901; x_wconf 92' lang='lat' dir='ltr'>vico</span> 
     </span>
    </p>

    <p class='ocr_par' dir='ltr' id='par_1_9' title="bbox 161 2937 1213 3504">
     <span class='ocr_line' id='line_1_18' title="bbox 161 2937 1207 3016; baseline 0.003 -21"><span class='ocrx_word' id='word_1_121' title='bbox 161 2989 164 2995; x_wconf 93' lang='grc'><em>,</em></span> <span class='ocrx_word' id='word_1_122' title='bbox 213 2940 418 3014; x_wconf 89' lang='lat' dir='ltr'>Veragrorum,</span> <span class='ocrx_word' id='word_1_123' title='bbox 437 2938 486 3014; x_wconf 93' lang='lat' dir='ltr'>qui</span> <span class='ocrx_word' id='word_1_124' title='bbox 506 2937 663 3014; x_wconf 89' lang='lat' dir='ltr'>appellatur</span> <span class='ocrx_word' id='word_1_125' title='bbox 681 2938 857 3012; x_wconf 90' lang='lat' dir='ltr'>Octodurus,</span> <span class='ocrx_word' id='word_1_126' title='bbox 878 2941 1024 3014; x_wconf 88' lang='lat' dir='ltr'>hiemare;</span> <span class='ocrx_word' id='word_1_127' title='bbox 1053 2941 1102 3016; x_wconf 92' lang='lat' dir='ltr'>qui</span> <span class='ocrx_word' id='word_1_128' title='bbox 1121 2941 1207 2998; x_wconf 89' lang='lat' dir='ltr'>vicus</span> 
     </span>
     <span class='ocr_line' id='line_1_19' title="bbox 214 3036 1208 3115; baseline -0.004 -18"><span class='ocrx_word' id='word_1_129' title='bbox 214 3038 325 3115; x_wconf 92' lang='lat' dir='ltr'>positus</span> <span class='ocrx_word' id='word_1_130' title='bbox 359 3037 389 3093; x_wconf 93' lang='lat' dir='ltr'>in</span> <span class='ocrx_word' id='word_1_131' title='bbox 422 3036 493 3094; x_wconf 85' lang='lat' dir='ltr'>valle</span> <span class='ocrx_word' id='word_1_132' title='bbox 523 3053 584 3094; x_wconf 92' lang='lat' dir='ltr'>non</span> <span class='ocrx_word' id='word_1_133' title='bbox 617 3055 724 3112; x_wconf 88' lang='lat' dir='ltr'>magna</span> <span class='ocrx_word' id='word_1_134' title='bbox 757 3039 869 3097; x_wconf 88' lang='lat' dir='ltr'>adiecta</span> <span class='ocrx_word' id='word_1_135' title='bbox 903 3039 1026 3114; x_wconf 90' lang='lat' dir='ltr'>planicie</span> <span class='ocrx_word' id='word_1_136' title='bbox 1058 3037 1208 3096; x_wconf 89' lang='lat' dir='ltr'>altissimis</span> 
     </span>
     <span class='ocr_line' id='line_1_20' title="bbox 175 3135 1209 3214; baseline -0.008 -15"><span class='ocrx_word' id='word_1_137' title='bbox 175 3165 203 3214; x_wconf 88' lang='lat'>15</span> <span class='ocrx_word' id='word_1_138' title='bbox 215 3136 362 3194; x_wconf 89' lang='lat' dir='ltr'>montibus</span> <span class='ocrx_word' id='word_1_139' title='bbox 395 3135 522 3209; x_wconf 92' lang='lat' dir='ltr'>undique</span> <span class='ocrx_word' id='word_1_140' title='bbox 550 3135 718 3193; x_wconf 89' lang='lat' dir='ltr'>continetur.</span> <span class='ocrx_word' id='word_1_141' title='bbox 761 3135 836 3194; x_wconf 91' lang='lat' dir='ltr'>Cum</span> <span class='ocrx_word' id='word_1_142' title='bbox 868 3136 915 3194; x_wconf 90' lang='lat' dir='ltr'>hic</span> <span class='ocrx_word' id='word_1_143' title='bbox 943 3135 973 3192; x_wconf 91' lang='lat' dir='ltr'>in</span> <span class='ocrx_word' id='word_1_144' title='bbox 1001 3136 1073 3193; x_wconf 87' lang='lat' dir='ltr'>duas</span> <span class='ocrx_word' id='word_1_145' title='bbox 1105 3143 1209 3210; x_wconf 89' lang='lat' dir='ltr'>partes</span> 
     </span>
     <span class='ocr_line' id='line_1_21' title="bbox 216 3231 1211 3308; baseline -0.002 -18"><span class='ocrx_word' id='word_1_146' title='bbox 216 3234 333 3291; x_wconf 90' lang='lat' dir='ltr'>flumine</span> <span class='ocrx_word' id='word_1_147' title='bbox 361 3232 539 3303; x_wconf 91' lang='lat' dir='ltr'>divideretur,</span> <span class='ocrx_word' id='word_1_148' title='bbox 566 3233 684 3290; x_wconf 90' lang='lat' dir='ltr'>alteram</span> <span class='ocrx_word' id='word_1_149' title='bbox 716 3243 827 3308; x_wconf 88' lang='lat' dir='ltr'>partem</span> <span class='ocrx_word' id='word_1_150' title='bbox 855 3234 916 3291; x_wconf 90' lang='lat' dir='ltr'>eius</span> <span class='ocrx_word' id='word_1_151' title='bbox 947 3233 1001 3290; x_wconf 90' lang='lat' dir='ltr'>vici</span> <span class='ocrx_word' id='word_1_152' title='bbox 1029 3231 1120 3290; x_wconf 91' lang='lat' dir='ltr'>Gallis</span> <span class='ocrx_word' id='word_1_153' title='bbox 1156 3231 1211 3305; x_wconf 89' lang='lat' dir='ltr'>[ad</span> 
     </span>
     <span class='ocr_line' id='line_1_22' title="bbox 217 3329 1212 3402; baseline -0.003 -14"><span class='ocrx_word' id='word_1_154' title='bbox 217 3330 413 3402; x_wconf 89' lang='lat' dir='ltr'>hiemandum]</span> <span class='ocrx_word' id='word_1_155' title='bbox 448 3330 600 3400; x_wconf 90' lang='lat' dir='ltr'>concessit,</span> <span class='ocrx_word' id='word_1_156' title='bbox 634 3330 750 3387; x_wconf 89' lang='lat' dir='ltr'>alteram</span> <span class='ocrx_word' id='word_1_157' title='bbox 777 3348 896 3388; x_wconf 86' lang='lat' dir='ltr'>vacuam</span> <span class='ocrx_word' id='word_1_158' title='bbox 930 3331 968 3388; x_wconf 91' lang='lat' dir='ltr'>ab</span> <span class='ocrx_word' id='word_1_159' title='bbox 995 3329 1040 3388; x_wconf 91' lang='lat' dir='ltr'>his</span> <span class='ocrx_word' id='word_1_160' title='bbox 1074 3330 1212 3388; x_wconf 91' lang='lat' dir='ltr'>relictam</span> 
     </span>
     <span class='ocr_line' id='line_1_23' title="bbox 220 3427 1213 3504; baseline -0.005 -18"><span class='ocrx_word' id='word_1_161' title='bbox 220 3427 383 3486; x_wconf 91' lang='lat' dir='ltr'>cohortibus</span> <span class='ocrx_word' id='word_1_162' title='bbox 397 3428 531 3486; x_wconf 87' lang='lat' dir='ltr'>attribuit.</span> <span class='ocrx_word' id='word_1_163' title='bbox 573 3433 601 3486; x_wconf 80' lang='lat'>2.</span> <span class='ocrx_word' id='word_1_164' title='bbox 623 3427 699 3484; x_wconf 90' lang='lat' dir='ltr'>Eum</span> <span class='ocrx_word' id='word_1_165' title='bbox 713 3428 810 3485; x_wconf 91' lang='lat' dir='ltr'>locum</span> <span class='ocrx_word' id='word_1_166' title='bbox 823 3427 896 3485; x_wconf 89' lang='lat' dir='ltr'>vallo</span> <span class='ocrx_word' id='word_1_167' title='bbox 916 3427 1054 3504; x_wconf 86' lang='lat' dir='ltr'>fossaque</span> <span class='ocrx_word' id='word_1_168' title='bbox 1075 3427 1213 3484; x_wconf 89' lang='lat' dir='ltr'>munivit.</span> 
     </span>
    </p>
   </div>
   <div class='ocr_carea' id='block_1_7' title="bbox 0 0 1349 3934">
    <p class='ocr_par' dir='ltr' id='par_1_10' title="bbox 0 0 1349 3934">
     <span class='ocr_line' id='line_1_24' title="bbox 0 0 1349 3934; baseline 0 0"><span class='ocrx_word' id='word_1_169' title='bbox 0 0 1349 3934; x_wconf 95' lang='lat' dir='ltr'> </span> 
     </span>
    </p>
   </div>
  </div>
 </body>
</html>
