2634 3914
194 237 256 302 144
446 269 448 274 .
522 233 551 281 C.
575 232 670 280 IULII
690 229 862 278 CAESARIS
1124 229 1180 276 Vll.

193 385 321 460 equitatu
335 383 542 461 expeditisque,
558 383 607 459 qui
621 381 694 440 inter
707 381 817 458 equites
832 379 964 457 proeliari
984 389 1181 449 consuessent,

191 484 359 542 insidiamm
387 500 474 541 cansa
501 499 538 540 eo
566 480 738 557 profectum,
763 497 822 556 quo
850 488 966 538 nostros
993 487 1110 554 postero
1135 478 1182 537 die

192 581 358 657 pabulatum
367 589 502 638 venturos
512 579 700 638 arbitraretur.
732 577 845 650 Quibus
855 578 942 635 rebus
951 576 1075 651 cognitis
1085 575 1182 634 media

192 689 277 736 nocte
301 677 413 736 silentio
435 676 581 753 profectus
605 676 643 734 ad
666 676 795 734 hostium
817 683 911 734 castra
933 692 1020 732 mane
1044 675 1180 750 pervenit.

75 833 80 848 ,
165 773 236 844 5Illi
258 774 385 832 celeriter
402 791 455 850 per
473 773 669 849 exploratores
686 772 810 831 adventu
829 771 1100 846 Caesariscognito
1119 789 1180 828 car-

191 889 239 930 ros
258 871 522 948 impedimentaque
536 889 590 930 sua
603 872 633 929 in
647 871 767 929 artiores
786 869 870 928 silvas
884 868 1064 940 abdiderunt,
1080 868 1181 944 copias

193 969 288 1027 omnis
314 969 345 1026 in
367 967 433 1028 loco
454 969 532 1028 edito
559 978 645 1045 atque
674 976 774 1044 aperto
800 969 1003 1027 instruxerunt.
1059 965 1127 1038 Qua
1150 985 1181 1024 re

193 1067 322 1124 nuntiata
347 1065 454 1124 Caesar
481 1065 609 1125 celeriter
622 1067 759 1125 ‘sarcinas
784 1065 916 1136 conferri,
946 1082 1026 1122 arma
1051 1065 1180 1140 expediri

192 1164 279 1222 iussit.
329 1169 377 1222 19.
399 1162 488 1222 Collis
510 1174 570 1222 erat
597 1163 697 1223 leniter
725 1165 762 1222 ab
789 1163 890 1222 infimo
917 1163 1039 1222 acclivis.
1090 1161 1180 1222 Hunc

151 1284 180 1319 10
193 1279 229 1318 ex
247 1261 382 1320 omnibus
400 1259 459 1319 fere
472 1262 600 1336 partibus
614 1261 696 1338 palus
711 1261 830 1321 difficilis
845 1271 931 1337 atque
945 1261 1083 1337 impedita
1099 1260 1180 1335 cing-

192 1361 258 1418 ebat
285 1377 346 1417 non
374 1359 456 1416 latior
483 1359 606 1434 pedibus
630 1360 846 1436 quinquaginta
889 1359 959 1418 Hoc
983 1377 1015 1418 se
1038 1358 1111 1417 colle
1136 1359 1180 1415 in-

191 1458 323 1532 termptis
337 1456 474 1532 pontibus
490 1454 565 1514 Galli
576 1457 680 1516 fiducia
693 1457 750 1515 loci
764 1456 950 1516 continebant
963 1456 1180 1532 generatimque

191 1555 331 1613 distributi
359 1554 389 1612 in
416 1553 543 1612 civitates
571 1556 670 1614 omnia
691 1554 765 1614 vada
788 1572 823 1613 ac
845 1555 933 1612 saltus
957 1555 1029 1627 [eius
1052 1553 1177 1630 paludis]

192 1653 361 1711 obtinebant
383 1654 424 1713 sic
448 1656 547 1714 animo
571 1653 670 1728 parati,
694 1661 734 1723 ut,
757 1651 782 1710 si
803 1669 869 1710 eam
892 1651 1030 1727 paludem
1053 1650 1180 1710 Romani

150 1775 179 1826 15
192 1769 376 1826 penumpere
395 1761 576 1822 conarentur,
594 1750 768 1809 haesitantes
787 1759 951 1826 premerent
969 1768 1005 1808 ex
1026 1749 1093 1809 loco
1111 1767 1180 1824 sup-

192 1850 300 1922 eriore;
328 1859 368 1920 ut,
390 1850 439 1926 qui
463 1849 707 1926 propinquitatem
731 1847 788 1906 loci
810 1848 926 1920 videret,
948 1857 1066 1924 paratos
1087 1865 1179 1922 prope

192 1964 285 2023 aequo
311 1946 405 2006 Marte
430 1948 468 2006 ad
495 1946 691 2006 dimicandum
719 1945 902 2014 existimaret,
927 1945 977 2021 qui
1001 1945 1180 2021 iniquitatem

192 2043 371 2116 condicionis
401 2029 584 2120 perspiceret,
611 2044 690 2101 inani
722 2042 905 2102 simulatione
938 2059 1002 2100 sese
1036 2050 1180 2100 ostentare

191 2149 387 2217 cognosceret.
428 2140 618 2218 Indignantes
636 2140 741 2199 milites
761 2138 877 2210 Caesar,
892 2139 972 2215 quod
990 2148 1181 2215 conspectum

141 2256 275 2300 rensuum
297 2237 395 2296 hostes
422 2237 547 2315 perferre
574 2247 693 2314 possent
721 2237 831 2296 tantulo
857 2237 950 2312 spatio
973 2236 1129 2308 interiecto,
1152 2244 1180 2294 et

191 2336 306 2409 signum
334 2335 435 2410 proelii
460 2344 650 2410 exposcentes
678 2335 789 2405 edocet,
815 2341 924 2410 quanto
953 2333 1124 2393 detrimento
1151 2342 1180 2392 et

191 2441 262 2507 quot
279 2432 403 2489 virorum
422 2431 538 2490 fortium
558 2442 650 2490 morte
671 2449 790 2490 necesse
812 2432 847 2492 sit
867 2442 1000 2491 constare
1014 2431 1163 2490 victoriam
1169 2449 1179 2500 ;

191 2545 266 2604 quos
293 2545 360 2586 cum
387 2529 438 2587 sic·
456 2530 554 2588 animo
582 2540 698 2606 paratos
722 2529 824 2600 videat,
847 2539 881 2588 ut
907 2529 1017 2586 nullum
1044 2544 1099 2604 pro
1127 2545 1181 2586 sua

190 2623 274 2682 laude
295 2625 452 2700 periculum
466 2637 606 2698 recusent,
621 2645 750 2686 summae
771 2645 803 2686 se
817 2626 973 2703 iniquitatis
992 2625 1181 2696 condemnari

148 2750 177 2800 ²5
191 2721 304 2792 debere,
326 2723 381 2781 nisi
401 2741 502 2782 eorum
522 2725 609 2783 vitam
631 2743 683 2784 sua
707 2725 796 2784 salute
817 2725 921 2784 habeat
942 2724 1089 2782 cariorem.
1132 2721 1180 2780 Sic

190 2820 293 2878 milites
315 2820 482 2879 consolatus
504 2821 608 2880 eodem
633 2823 679 2880 die
701 2822 810 2880 reducit
833 2822 864 2879 in
888 2831 982 2880 castra
1003 2820 1179 2896 reliquaque,

190 2934 264 2992 quae
292 2917 331 2975 ad
357 2919 606 2995 oppugnationem
636 2919 817 2995 pertinebant
843 2919 952 2995 oppidi,
980 2917 1180 2976 administrare

189 3014 316 3072 instituit.

231 3118 282 3170 20.
305 3107 533 3189 Vercingetorix,
555 3132 621 3173 cum
642 3115 680 3172 ad
701 3132 769 3174 suos
789 3114 917 3186 redisset,
939 3114 1111 3191 proditionis
1135 3114 1179 3172 in·

146 3235 178 3286 30
190 3210 347 3281 simulatus,
376 3212 455 3288 quod
483 3222 575 3270 castra
602 3213 721 3288 propius
749 3211 901 3271 Romanos
928 3213 1074 3283 movisset,
1099 3213 1180 3290 quod

190 3325 256 3365 cum
278 3308 359 3366 omni
381 3310 509 3386 equitatu
536 3310 721 3380 discessisset,
746 3311 826 3386 quod
850 3311 912 3370 sine
935 3310 1057 3386 imperio
1084 3319 1179 3368 tantas

190 3405 288 3481 copias
309 3405 477 3482 reliquisset,
493 3407 572 3483 quod
591 3407 651 3465 eius
669 3408 796 3466 discessu
811 3407 938 3466 Romani
958 3417 1037 3465 tanta
1057 3417 1178 3483 opport-

190 3502 296 3560 unitate
315 3512 344 3562 et
365 3502 506 3563 celeritate
525 3505 686 3564 venissent:
707 3522 768 3564 non
786 3506 857 3566 haec
876 3505 974 3565 omnia
992 3504 1108 3564 fortuito
1128 3513 1178 3563 aut
