2634 3914
144 247 279 302 20022·
392 250 439 297 DE
460 243 569 298 BELLO
593 243 742 296 orttroo
770 247 880 296 ooMM.
904 247 952 294 IV.
1096 245 1135 314 75

142 395 295 472 exploratis
320 398 455 456 omnibus
479 399 564 458 rebus
589 399 626 457 ad
651 415 682 458 se
711 399 945 474 quamprimum
972 405 1134 456 revertatur.

142 493 210 569 lpse
228 509 295 552 cum
309 496 444 554 omnibus
462 497 554 572 copiis
569 497 599 554 in
613 495 746 555 Morinos
760 496 957 571 proficiscitur,
972 493 1053 570 quod
1066 493 1133 550 inde

141 600 202 649 erat
215 593 397 652 brevissimus
410 593 441 651 in
452 593 629 652 Britanniam
640 595 781 653 traiectus.
823 591 893 652 Huc
904 609 991 651 naves
1005 592 1133 667 undique

142 703 178 747 ex
187 691 313 750 finitimis
323 692 489 766 regionibus
498 701 623 768 etquam
636 692 781 768 superiore
793 701 901 750 aestate
913 691 951 750 ad
960 689 1133 748 Veneticum

141 787 247 845 bellum
268 788 401 847 effecerat
422 789 545 848 classem
565 789 644 847 iubet
665 790 826 848 convenire.
869 787 989 847 Interim
1011 787 1159 854 consili05

141 885 202 942 eius
221 886 340 962 cognito
358 893 387 944 et
401 899 453 962 per
474 896 648 945 mercatores
664 887 776 962 perlato
796 887 833 944 ad
848 886 1003 944 Britannos
1021 899 1132 959 acom-

141 981 269 1057 pluribus
299 983 410 1042 insulae
443 983 600 1042 civitatibus
634 984 671 1042 ad
704 1000 772 1042 eum
801 984 890 1060 legati
925 984 1052 1054 veniunt,
1083 981 1132 1056 qui

141 1079 328 1154 polliceantur
355 1081 472 1139 obsides
501 1082 568 1140 dare
601 1091 686 1157 atque
717 1081 839 1157 imperio
871 1081 972 1157 populi
1005 1079 1132 1138 Romani

141 1177 349 1253 obtemperare.
392 1177 506 1249 Quibus
527 1175 631 1236 auditis
652 1177 804 1236 liberaliter
824 1179 968 1255 pollicitus
988 1178 1131 1237 hortatus·

141 1293 207 1351 que,
220 1285 252 1334 ut
268 1277 298 1334 in
316 1295 351 1335 ea
369 1277 511 1335 sententia
529 1285 740 1352 permanerent,
755 1293 807 1334 eos
827 1276 947 1334 domum
967 1277 1083 1334 remittit
1103 1285 1176 1334 etro

141 1387 208 1432 cum
231 1375 265 1432 iis
289 1393 347 1433 una
375 1373 551 1445 Commium,
576 1389 664 1450 quem
692 1375 754 1450 ipse
778 1373 962 1432 Atrebatibus
990 1375 1130 1450 superatis
1185 1379 1187 1386 ⁴

140 1486 239 1546 regem
249 1473 288 1530 ibi
302 1473 494 1544 constituerat,
508 1472 590 1530 cuius
604 1481 632 1530 et
643 1473 774 1529 virtutem
785 1481 813 1530 et
827 1471 979 1530 consilium
990 1473 1131 1547 probabat

140 1579 169 1628 et
184 1587 270 1646 quem
284 1571 338 1629 sibi
353 1571 468 1630 fidelem
486 1589 553 1630 esse
567 1571 761 1641 arbitrabatur,
775 1571 913 1646 cuiusque
933 1572 1086 1630 auctoritas
1100 1572 1131 1630 in

140 1667 186 1726 bis
199 1669 364 1744 regionibus
382 1669 482 1745 magni
500 1669 667 1740 habebatur,
682 1670 773 1728 mittit.
817 1669 895 1728 Huic
914 1670 1043 1746 imperat,
1059 1687 1130 1746 quas

140 1767 241 1842 possit,
260 1767 344 1824 adeat
365 1767 492 1826 civitates
513 1766 706 1842 horteturque,
724 1776 755 1826 ut
775 1767 874 1844 populi
896 1765 1023 1826 Romani
1043 1767 1131 1827 fidem
1147 1793 1175 1842 15

141 1873 305 1939 sequantur,
322 1881 412 1940 seque
429 1865 558 1924 celeriter
578 1883 614 1924 eo
634 1876 784 1923 venturum
805 1866 923 1924 nuntiet.
966 1865 1131 1924 Volusenus

140 1963 298 2037 perspectis
322 1962 490 2038 regionibus
518 1963 662 2033 omnibus,
686 1971 826 2038 quantum
851 1963 877 2021 ei
904 1962 1044 2022 facultatis
1072 1963 1131 2022 dari

141 2059 241 2136 potuit,
254 2061 302 2135 qui
314 2060 382 2118 navi
393 2060 491 2135 egredi
505 2077 539 2118 ac
554 2077 584 2118 se
599 2061 727 2118 barbaris
741 2061 919 2120 committere
930 2078 991 2120 non
1005 2061 1130 2132 auderet,

140 2157 242 2233 quinto
263 2155 309 2215 die
330 2157 368 2214 ad
389 2155 545 2215 Caesarem
561 2157 707 2214 revertitur
726 2174 858 2232 quaeque
879 2158 918 2215 ibi
937 2158 1131 2234 perspexisset

140 2255 291 2312 renuntiat.
330 2259 385 2314 aa.
406 2253 485 2312 Dum
499 2255 530 2312 in
543 2253 587 2312 his
601 2255 671 2313 locis
687 2255 794 2314 Caesar
808 2255 923 2314 navium
938 2257 1130 2331 parandarum
1146 2277 1175 2312 ao

140 2369 228 2410 causa
247 2359 383 2423 moratur,
402 2369 439 2410 ex
459 2365 568 2428 magna
588 2361 668 2428 parte
692 2351 874 2411 Morinorum
896 2353 934 2412 ad
956 2371 1023 2412 eum
1045 2354 1130 2429 legati

139 2459 287 2521 venerunt,
302 2451 351 2525 qui
370 2467 401 2508 se
420 2451 457 2509 de
477 2451 630 2526 superioris
651 2453 789 2528 temporis
811 2453 931 2511 consilio
951 2464 1129 2524 excusarent,

139 2547 220 2622 quod
246 2547 379 2606 homines
407 2547 521 2606 barbari
553 2559 581 2606 et
613 2560 729 2608 nostrae
759 2549 976 2608 consuetudinis
1008 2551 1130 2627 imperiti

140 2644 246 2702 bellurn
260 2643 368 2720 populo
384 2643 521 2703 Romano
537 2645 679 2716 fecissent,
699 2663 787 2721 seque
803 2664 849 2719 ea,
864 2663 939 2723 quae
952 2648 1129 2724 imperasset,

140 2743 266 2800 facturos
294 2741 505 2816 pollicerentur.
546 2742 616 2801 Hoc
644 2744 698 2802 sibi
731 2743 838 2803 Caesar
870 2745 938 2803 satis
966 2755 1130 2822 opportune
1145 2776 1173 2827 ²5
1256 2751 1258 2758 '

140 2838 278 2896 accidisse
297 2838 455 2909 arbitratus,
474 2839 555 2916 quod
576 2857 671 2915 neque
692 2849 759 2916 post
780 2850 892 2916 tergum
913 2841 1028 2900 hostem
1046 2844 1130 2901 relin-

141 2953 229 3013 quere
249 2935 364 2994 volebat
384 2953 479 3012 neque
500 2937 568 2994 belli
589 2937 708 3012 gerendi
729 2949 847 3014 propter
867 2940 935 2996 anni
956 2948 1070 3016 tempus
1089 2941 1131 2999 fa-

140 3035 275 3092 cultatem
293 3033 417 3092 habebat
434 3049 529 3110 neque
548 3034 600 3093 has
621 3035 793 3092 tantularum
812 3053 907 3094 rerum
924 3038 1130 3112 occupationes

140 3132 304 3190 Britanniae
337 3132 555 3208 anteponendas
582 3132 734 3204 iudicabat,
762 3151 902 3208 magnum
922 3134 956 3192 iis
977 3153 1129 3194 numerum

139 3229 275 3288 obsidum
298 3229 426 3305 imperat.
468 3229 582 3302 Quibus
608 3231 738 3288 adductis
764 3248 815 3289 eos
840 3232 869 3288 in
897 3231 985 3288 fidem
1010 3235 1127 3310 recepit.
1142 3269 1172 3316 30

140 3327 269 3386 Navibus
294 3328 405 3386 circiter
425 3343 508 3385 nxxx
528 3330 665 3386 onerariis
686 3329 793 3387 coactis
815 3329 1034 3405 contractisque,
1049 3334 1129 3407 quod

140 3426 208 3482 satis
222 3443 286 3484 esse
301 3425 337 3483 ad
356 3425 428 3483 duas
448 3426 683 3502 transportandas
697 3426 826 3500 legiones
844 3427 1032 3499 existimabat,
1048 3432 1128 3505 quod

139 3533 286 3598 praeterea
305 3523 421 3582 navium
439 3523 592 3600 longarum
611 3524 744 3596 habebat,
767 3526 911 3601 quaestori
925 3525 1025 3602 legatis
1045 3546 1127 3604 prae·
