2634 3914
179 187 220 253 90
510 185 538 234 o.
562 185 655 233 rurrr
676 185 850 235 carraria
1142 191 1174 240 v.

179 328 313 390 Nascitur
334 332 375 390 ibi
399 333 551 409 plumbum
575 335 673 391 album
696 334 726 392 in
750 334 965 394 mediterraneis
993 333 1171 411 regionibus,

177 427 208 484 in
225 430 374 489 maritimis
389 431 505 502 ferrum,
520 431 573 490 sed
590 433 651 490 eius
669 433 774 508 exigua
791 441 835 490 est
849 433 953 508 copia;
976 450 1042 490 aere
1056 443 1174 491 utuntur

177 527 341 602 importato.
383 529 505 587 Materia
536 531 675 606 cuiusque
709 530 833 606 generis,
867 539 900 588 ut
931 530 961 587 in
992 528 1095 602 Gallia,
1129 541 1174 590 est

176 635 289 701 praeter
315 626 415 703 sagum
446 637 532 704 atque
559 628 692 686 abietem.
734 627 881 704 Leporem
911 637 940 686 et
971 628 1109 705 gallinam
1143 637 1172 686 et

150 740 309 791 5anserem
333 734 448 799 gustare
468 724 512 783 las
536 742 597 782 non
621 734 740 801 putant3
769 725 843 783 haec
863 735 961 783 tamen
983 725 1063 786 alunt
1083 725 1172 785 animi

176 819 388 898 voluptatisque
399 841 495 882 causa.
536 821 619 881 Loca
632 833 700 881 sunt
713 823 915 901 temperatiora
929 841 1018 900 quam
1031 823 1062 882 in
1076 823 1173 883 Gallia

175 918 387 978 remissioribus
407 919 569 996 frigoribus.
611 925 657 978 13.
680 920 780 978 Insula
800 930 903 978 natura
923 921 1067 996 triquetra,
1089 921 1171 980 cuius

175 1034 266 1073 unum
293 1017 366 1076 latus
394 1028 438 1077 est
466 1027 567 1077 contra
596 1017 729 1077 Galliam.
772 1017 869 1076 Huius
896 1018 992 1077 lateris
1020 1019 1090 1077 alter
1118 1037 1171 1077 an·

174 1114 267 1190 gulus,
297 1116 347 1190 qui
377 1125 421 1174 est
450 1115 488 1174 ad
519 1114 664 1186 Cantium,
692 1132 751 1192 quo
783 1114 842 1173 lere
873 1133 976 1174 omnes
1007 1133 1044 1173 ex
1076 1114 1172 1174 Gallia

133 1231 163 1267 ιο
175 1229 262 1269 naves
282 1213 471 1288 appelluntur,
489 1213 528 1271 ad
546 1213 688 1271 orientem
708 1213 811 1283 solem,
828 1212 947 1272 inferior
964 1213 1003 1272 ad
1020 1213 1171 1272 meridiem

175 1315 293 1387 spectat.
336 1310 406 1369 Hoc
433 1311 556 1387 pertinet
583 1312 695 1369 circiter
722 1310 802 1368 milia
834 1328 974 1386 passuum
1002 1312 1169 1387 quingenta.

173 1407 305 1466 Alterum
332 1409 424 1483 vergit
455 1408 492 1466 ad
524 1407 700 1483 Hispaniam
731 1417 817 1485 atque
843 1408 1027 1466 occidentem
1058 1409 1168 1480 solem;
1210 1395 1215 1402 ⁵

175 1524 232 1582 qua
256 1525 293 1565 ex
317 1516 398 1582 parte
423 1516 466 1565 est
490 1505 640 1578 Hibernia,
667 1507 785 1564 dimidio
810 1507 913 1578 minor,
938 1517 970 1566 ut
993 1508 1168 1578 aestimatur,

175 1622 262 1680 quam
282 1603 439 1673 Britannia,
455 1604 507 1662 sed
525 1604 588 1680 pari
607 1604 701 1680 spatio
720 1605 903 1663 transmissus
923 1614 1009 1682 atque
1023 1624 1059 1664 ex
1074 1603 1170 1664 Gallia

132 1731 161 1781 15
174 1711 218 1759 est
244 1703 276 1758 in
303 1699 491 1758 Britanniam.
532 1701 569 1758 In
593 1700 650 1759 boc
672 1700 770 1760 medio
791 1719 877 1760 cursu
901 1712 945 1760 est
969 1703 1070 1774 insula,
1093 1721 1169 1779 quae

174 1798 341 1874 appellatur,
367 1797 478 1856 Mona:
510 1799 671 1874 complures
695 1808 842 1874 praeterea
870 1800 997 1858 minores
1023 1800 1169 1858 subiectae

174 1897 284 1959 insulae
302 1896 514 1967 existimantur;
537 1896 574 1955 de
594 1897 697 1972 quibus
716 1897 816 1955 insulis
838 1899 970 1957 nonnulli
991 1899 1169 1974 scripserunt

173 1995 235 2054 dies
263 1996 417 2053 continuos
444 2012 504 2051 xxx
532 1995 586 2052 sub
613 1995 715 2052 bruma
742 2013 806 2054 esse
834 2005 960 2056 noctem.
1002 1995 1068 2054 Nos
1095 1995 1168 2054 nihil

174 2094 210 2151 de
234 2110 271 2151 eo
296 2091 562 2169 percontationibus
587 2093 809 2170 reperiebamus
835 2096 891 2154 nisi
916 2095 999 2154 certis
1027 2113 1064 2152 ex
1091 2111 1169 2170 aqua

130 2216 160 2252 πο
172 2191 314 2249 mensuris
341 2190 486 2248 breviores
514 2207 578 2248 esse
604 2208 692 2265 quam
719 2191 750 2248 in
774 2193 935 2250 continenti
959 2201 1061 2250 noctes
1086 2191 1167 2249 vide-

171 2290 282 2346 bamus.
325 2285 421 2345 Huius
441 2297 485 2345 est
505 2286 657 2362 longitudo
675 2287 780 2359 lateris,
799 2298 831 2346 ut
849 2288 903 2347 lert
922 2289 1035 2347 illorum
1054 2289 1167 2364 opinio,

171 2401 229 2444 noo
256 2385 375 2443 milium.
417 2384 549 2443 Tertium
572 2394 617 2442 est
641 2394 742 2442 contra
766 2387 992 2460 septentriones;
1024 2387 1070 2444 cui
1092 2387 1167 2462 parti

171 2483 250 2540 nulla
269 2492 313 2541 est
332 2483 446 2542 obiecta
467 2493 548 2553 terra,
566 2481 618 2540 sed
640 2482 700 2540 eius
721 2483 844 2558 angulus
866 2483 960 2542 lateris
980 2483 1107 2540 maxime
1128 2483 1166 2540 ad

172 2579 360 2638 Germaniam
387 2589 507 2656 spectat.
549 2579 619 2638 Hoc
649 2579 738 2637 millia
764 2597 905 2655 passuum
933 2580 1105 2655 octingenta·
1135 2581 1166 2638 in

127 2706 157 2756 25
171 2677 381 2752 longitudinem
413 2695 478 2735 esse
509 2677 694 2734 existimatur.
737 2676 782 2734 Ita
812 2678 908 2736 omnis
943 2675 1037 2735 insula
1057 2686 1101 2735 est
1134 2678 1166 2735 in

171 2775 290 2834 circuitu
302 2775 389 2832 vicies
403 2783 520 2832 centum
531 2774 640 2831 milium
651 2792 799 2850 passuum.
841 2780 887 2833 14.
910 2774 956 2832 Ex
970 2773 1015 2833 his
1029 2775 1166 2833 omnibus

137 2867 140 2876 ’
170 2874 258 2948 longe
280 2881 346 2931 sunt
366 2871 575 2943 humanissimi,
597 2872 647 2947 qui
668 2870 805 2930 Cantium
825 2872 964 2943 incolunt,
987 2891 1061 2949 quae
1082 2873 1164 2948 regio

170 2981 214 3030 est
244 2971 396 3028 marituma
424 2969 528 3040 omnis,
557 2988 653 3045 neque
684 2970 807 3027 multum
839 2988 856 3028 a
886 2969 998 3039 Gallica
1029 2970 1166 3029 differunt

170 3068 388 3128 consuetudine.
431 3066 585 3125 Interiores
619 3066 747 3142 plerique
782 3066 926 3126 frumenta
960 3086 1022 3126 non
1057 3078 1164 3139 serunt,

124 3199 156 3248 30
168 3167 221 3226 sed
240 3166 313 3224 lacte
334 3175 363 3223 et
384 3183 469 3222 carne
490 3165 587 3220 vivunt
612 3163 791 3240 pellibusque
816 3174 883 3222 sunt
903 3165 1006 3223 vestiti.
1050 3163 1165 3224 Omnes

168 3282 236 3324 vero
271 3282 303 3322 se
337 3261 468 3320 Britanni
499 3261 570 3318 vitro
599 3259 736 3332 inliciunt,
770 3261 849 3336 quod
880 3263 1045 3320 caeruleum
1077 3262 1166 3321 efficit

168 3362 304 3431 colorem,
336 3369 422 3433 atque
453 3357 511 3416 hoc
541 3356 715 3414 horridiores
748 3358 864 3416 suntin
895 3376 994 3434 pugna
1025 3369 1163 3440 aspectu3

168 3459 330 3535 capilloque
355 3465 422 3513 sunt
445 3455 590 3530 promisso
618 3464 703 3529 atque
728 3455 808 3512 omni
835 3463 915 3530 parte
940 3457 1070 3531 corporis
1097 3473 1165 3514 rasa

166 3565 280 3638 praeter
308 3562 396 3628 caput
423 3562 452 3612 et
478 3552 590 3611 labrum
619 3552 757 3629 superius.
800 3549 915 3610 Uxores
950 3551 1056 3610 habent
1091 3550 1162 3608 deni
1244 3627 1247 3634 Δ
