2606 3934
111 260 250 334 34-37,
349 263 395 309 DE
415 259 525 309 BELLO
547 259 697 309 &ALLIOO
720 258 829 307 coMM.
851 260 876 308 1.
1057 261 1095 310 21

111 427 183 468 neve
204 409 323 469 Aeduos
351 411 452 469 iniuria
477 413 635 481 lacesseret,
657 428 728 468 neve
756 409 800 468 his
828 408 970 484 sociisque
997 425 1099 465 eorum

112 508 218 564 bellurn
238 507 361 567 inferret.
404 508 434 566 Si
452 509 481 566 id
501 509 539 566 ita
560 508 682 579 fecisset,
700 507 753 566 sibi
773 507 941 583 populoque
962 505 1098 562 Romano

111 613 278 680 perpetuam
293 607 413 680 gratiam
433 615 519 682 atque
533 607 686 664 amicitiam
706 623 773 663 cum
787 623 823 662 eo
840 605 978 662 futuram:
1001 603 1099 661 sinon

111 702 282 778 impetraret,
298 721 369 775 sese,
390 705 528 780 quoniam
547 703 589 761 M.
605 703 739 774 Messala,
754 702 796 760 M.
812 702 918 760 Pisone
932 701 1099 758 consulibus

112 808 227 858 senatus
247 801 414 872 censuisset,
429 803 478 870 uti,
494 801 668 878 quicumque
688 799 811 858 Galliam
829 799 1008 875 provinciam
1026 799 1099 857 obti-
1113 818 1131 867 5·

111 907 198 968 neret,
224 899 303 974 quod
331 900 488 958 commodo
517 900 557 956 rei
581 899 713 974 publicae
740 897 834 956 facere
854 904 961 972 posset,
983 898 1100 956 Aeduos

112 1004 279 1070 ceterosque
300 997 410 1056 amicos
428 997 528 1072 populi
548 996 675 1054 Romani
689 994 863 1065 defenderet,
881 1013 912 1053 se
931 995 1100 1053 Aeduorum

110 1093 226 1152 iniurias
245 1113 306 1153 non
327 1096 531 1172 neglecturum.
572 1101 623 1154 36.
646 1093 694 1152 Ad
712 1093 784 1151 haec
801 1093 961 1151 Ariovistus
979 1110 1100 1168 respon-

111 1190 168 1249 dit:
191 1192 241 1250 Ius
254 1209 319 1250 esse
333 1192 408 1262 belli,
422 1202 461 1262 ut,
477 1193 526 1268 qui
539 1193 682 1261 vicissent,
697 1192 739 1261 iis,
755 1207 829 1266 quos
843 1190 985 1257 vicissent,
1000 1207 1100 1265 quem-

111 1289 270 1347 admodum
281 1291 392 1361 vellent,
404 1291 590 1366 imperarent:
605 1289 674 1346 item
684 1289 827 1364 populum
841 1287 1009 1345 Romanurn
1020 1287 1099 1344 victis
1117 1304 1145 1338 ιο

111 1403 171 1444 non
182 1387 219 1444 ad
232 1388 346 1447 alterius
357 1389 571 1464 praescriptum,
584 1387 636 1446 sed
650 1387 687 1444 ad
701 1404 785 1444 suum
799 1384 945 1442 arbitrium
959 1385 1099 1460 imperare

110 1500 275 1543 consuesse.
318 1485 348 1543 Si
357 1487 419 1562 ipse
433 1487 542 1562 populo
554 1485 691 1543 Romano
702 1503 763 1543 non
773 1483 986 1559 praescriberet,
998 1501 1099 1558 quern-

112 1581 272 1640 admodum
301 1600 353 1640 suo
374 1583 434 1640 iure
458 1592 591 1652 uteretur,
612 1599 672 1640 non
701 1591 833 1657 oportere
861 1598 925 1639 sese
946 1597 963 1638 a
989 1580 1100 1656 populo

112 1677 249 1738 Romano
270 1681 300 1738 in
322 1699 375 1740 suo
396 1682 456 1739 iure
477 1679 615 1756 impediri.
658 1681 779 1738 Aeduos
800 1679 862 1749 sibi,
877 1678 1015 1754 quoniam
1034 1677 1100 1735 belli

111 1777 256 1836 fortunam
271 1788 459 1855 temptassent
478 1789 507 1838 et
525 1779 611 1837 armis
631 1777 779 1854 congressi
797 1795 831 1835 ac
850 1777 975 1852 superati
994 1784 1100 1846 essent,
1117 1791 1144 1842 ¹6

112 1876 312 1950 stipendiarios
333 1895 396 1934 esse
420 1876 521 1935 factos.
563 1875 705 1951 Magnam
730 1873 884 1933 Caesarem
906 1873 1038 1930 iniuriam
1060 1873 1101 1930 fa-

111 1991 185 2044 cere,
198 1976 247 2050 qui
261 1993 314 2033 suo
329 1975 453 2032 adventu
466 1974 615 2050 vectigalia
629 1975 682 2032 sibi
694 1973 833 2032 deteriora
844 1973 957 2030 faceret.
991 1971 1101 2030 Aeduis

112 2089 144 2129 se
169 2072 285 2130 obsides
307 2073 485 2129 redditurum
512 2089 573 2130 non
598 2089 669 2143 esse,
693 2089 788 2147 neque
815 2071 849 2128 iis
877 2087 973 2144 neque
999 2087 1101 2128 eorum

112 2168 199 2228 sociis
227 2169 328 2226 iniuria
350 2169 456 2226 bellurn
483 2169 633 2239 illaturum,
662 2169 686 2226 si
714 2169 744 2225 in
772 2184 808 2225 eo
836 2176 993 2237 manerent,
1022 2167 1101 2243 quod

111 2266 303 2336 convenisset,
319 2267 551 2343 stipendiumque
572 2265 727 2342 quotannis
748 2265 922 2341 penderent;
945 2265 969 2322 si
989 2265 1019 2322 id
1040 2282 1101 2322 non
1116 2291 1146 2326 ιο

111 2363 256 2434 fecissent,
276 2362 364 2438 longe
385 2363 420 2421 iis
447 2363 602 2421 fraternum
630 2381 739 2421 nomen
760 2360 860 2438 populi
885 2360 1013 2419 Romani
1040 2360 1070 2418 al
1088 2391 1101 2404 ·

112 2471 220 2544 turum,
258 2460 347 2533 Quod
361 2461 415 2519 sibi
434 2460 542 2519 Caesar
556 2460 743 2531 denuntiaret,
758 2478 789 2519 se
803 2460 973 2518 Aeduorum
986 2459 1102 2518 iniurias

112 2575 173 2616 non
192 2559 398 2634 neglecturum,
413 2560 559 2616 neminem
576 2577 675 2617 secum
695 2559 757 2617 sine
776 2577 828 2617 sua
841 2558 967 2634 pernicie
981 2567 1101 2616 conterr-

113 2659 198 2716 disse.
241 2655 317 2714 Cum
331 2657 422 2727 vellet,
434 2658 672 2732 congrederetur:
693 2656 911 2727 intellecturum,
923 2656 993 2732 quid
1006 2656 1102 2714 invicti

112 2755 259 2825 Germani,
274 2754 499 2813 exercitatissimi
512 2755 542 2811 in
555 2755 650 2826 armis,
665 2755 714 2832 qui
732 2755 805 2812 inter
818 2771 911 2812 annos
925 2769 981 2811 xrv
994 2759 1101 2812 tectum
1116 2774 1145 2824 ²5

112 2871 175 2910 non
190 2853 343 2923 subissent,
358 2853 459 2910 virtute
474 2862 602 2929 possent.

154 2955 204 3009 37.
225 2949 310 3008 Haec
327 2950 431 3008 eodem
452 2959 583 3026 tempore
604 2949 721 3009 Caesari
741 2949 878 3008 mandata
898 2948 1100 3020 referebantur,

114 3055 142 3104 et
156 3046 240 3121 legati
258 3049 295 3105 ab
309 3047 418 3104 Aeduis
436 3055 464 3105 et
478 3067 495 3106 a
510 3047 642 3106 Treveris
661 3047 829 3105 veniebant:
851 3047 944 3104 Aedui
959 3055 1101 3122 questum,

113 3145 194 3222 quod
205 3145 348 3216 Harudes,
363 3146 412 3222 qui
426 3164 518 3222 nuper
532 3146 562 3203 in
577 3145 699 3204 Galliam
709 3145 892 3221 transportati
906 3127 1011 3214 essent,
1030 3143 1101 3202 fines

112 3260 215 3301 eorum
232 3243 452 3316 popularentur:
475 3261 538 3301 sese
556 3261 594 3302 ne
608 3243 757 3302 obsidibus
776 3243 892 3318 quidem
907 3241 979 3298 datis
997 3257 1101 3316 pacem
1114 3269 1145 3318 30

112 3340 248 3401 Ariovisti
269 3341 407 3399 redimere
428 3342 556 3416 potuisse
563 3361 571 3414 3
600 3341 719 3399 Treveri
740 3351 842 3412 autem,
867 3357 960 3415 pagos
984 3349 1101 3398 centum

112 3439 277 3497 Sueborum
295 3437 331 3496 ad
349 3439 425 3514 ripas
445 3437 540 3496 Rheni
562 3438 738 3509 consedisse,
755 3437 805 3514 qui
826 3437 962 3494 Rhenum
981 3436 1101 3494 transire

111 3544 304 3610 conarentur3
339 3533 383 3594 his
409 3553 542 3614 praeesse
570 3534 701 3594 Nasuam
728 3544 757 3594 et
784 3534 963 3594 Cimberium
990 3532 1100 3592 fratres.
1155 3609 1157 3614 A
