2634 3914
165 198 303 282 38742.
390 209 437 258 nr
457 207 566 258 annno
591 207 739 257 orrrrco
762 207 872 258 carru.
899 208 945 260 rr.
1096 212 1156 278 133

164 352 257 420 ferant
277 378 384 420 casum.
418 357 496 420 'Hoc
517 369 627 418 veteres
647 376 708 417 non
729 358 852 434 probant
872 357 984 428 milites
1006 374 1080 434 quos
1101 357 1155 416 sub

109 521 112 528 ,
166 460 268 517 vexillo
289 477 348 517 una
368 457 515 534 profectos
537 458 697 516 docuimus.
739 456 842 532 Itaque
862 457 937 514 inter
961 472 992 514 se
1014 454 1156 512 cohortati

166 557 239 614 duce
258 555 333 615 Gaio
348 555 507 627 Trebonio,
523 556 618 632 equite
633 554 779 624 Romano,
795 553 844 630 qui
858 553 899 611 eis
918 562 978 611 erat
996 553 1155 628 praeposit-

165 672 208 724 us,
230 671 281 728 per
301 654 413 712 medios
433 653 531 712 hostes
554 662 743 728 perrumpunt
764 651 981 728 incolumesque
1006 650 1043 708 ad
1066 668 1156 708 unum

166 769 268 810 omnes
289 751 319 808 in
340 760 433 809 castra
455 752 632 826 perveniunt.
675 749 742 808 Hos
762 749 909 807 subsecuti
934 747 1051 806 calones
1076 747 1156 824 equi·
1170 767 1185 815 ⁵

166 859 265 924 tesque
285 849 389 907 eodem
408 849 518 924 impetu
536 849 658 906 militum
677 848 778 905 virtute
800 855 955 905 servantur.
997 845 1037 902 At
1057 845 1085 916 ii,
1107 846 1155 921 qui

164 947 194 1004 in
221 947 291 1020 iugo
320 947 514 1016 constiterant,
543 945 622 1004 nullo
656 945 743 1002 etiam
771 961 848 1002 nunc
875 961 930 1002 usu
961 944 1001 1000 rei
1029 943 1162 1017 militaris,

164 1053 302 1118 percepto
317 1061 411 1118 neque
427 1043 517 1114 inec,
532 1043 611 1118 quod
626 1043 824 1118 probaverant,
841 1041 962 1100 consilio
977 1057 1154 1116 permanere,

164 1150 196 1198 ut
220 1158 251 1198 se
275 1140 342 1198 loco
364 1141 510 1216 superiore
532 1140 728 1210 defenderent,
750 1157 845 1215 neque
868 1157 933 1197 eam
958 1156 1045 1215 quam
1069 1137 1156 1213 prod·

165 1257 227 1296 esse
262 1238 324 1296 aliis
356 1239 414 1295 vim
447 1239 677 1313 celeritatemque
705 1237 834 1294 viderant
860 1237 970 1294 imitari¹
993 1245 1155 1312 potuerunt,
1171 1259 1201 1294 ιο

165 1336 217 1394 sed
232 1354 263 1394 se
277 1336 306 1392 in
321 1345 414 1395 castra
427 1337 553 1411 recipere
568 1335 664 1393 conati
677 1334 808 1410 iniquum
818 1334 848 1390 in
862 1333 958 1392 locum
973 1333 1155 1392 demiserunt.

166 1433 365 1503 Centuriones,
401 1451 524 1509 quorum
557 1431 688 1490 nonnulli
722 1451 758 1490 ex
792 1431 973 1490 inferioribus
1008 1432 1156 1490 ordinibus

165 1531 337 1607 reliquarum
368 1531 516 1607 legionum
547 1521 667 1590 virtutis¹
693 1547 781 1588 causa
814 1529 844 1586 in
880 1529 1041 1604 superiores
1063 1537 1157 1605 erant

165 1629 281 1686 ordines
300 1627 384 1686 huius
403 1629 524 1703 legionis
542 1611 672 1698 traducti,
692 1645 729 1684 ne
748 1635 815 1684 ante
834 1636 947 1702 partam
965 1627 1006 1684 rei
1028 1626 1155 1684 militaris

164 1725 280 1783 laudem
300 1726 469 1797 amitterent,
484 1725 638 1784 fortissime
653 1734 817 1800 pugnantes
831 1724 1026 1782 conciderunt.
1068 1723 1155 1780 Milit-
1171 1746 1198 1796 15

165 1841 216 1880 um
243 1841 309 1898 pars
342 1823 447 1881 horum
474 1824 575 1882 virtute
604 1822 745 1880 submotis
773 1821 905 1879 hostibus
933 1832 1045 1896 praeter
1073 1839 1156 1897 spem

165 1920 317 1978 incolumis
342 1921 372 1977 in
386 1930 493 1983 ,castra
517 1921 653 1997 pervenit,
678 1936 744 1994 pars
769 1937 786 1976 a
810 1919 938 1975 barbaris
963 1919 1155 1978 circumventa

165 2019 257 2094 periit.
298 2024 353 2082 41.
390 2016 530 2076 Germani
562 2019 714 2092 desperata
742 2017 959 2090 expugnatione
988 2025 1155 2087 castrorum,

165 2115 246 2191 quod
264 2124 380 2174 nostros
398 2115 457 2173 iarn
476 2115 638 2173 constitisse
656 2115 687 2171 in
701 2113 909 2171 munitionibus
929 2113 1073 2184 videbant,
1089 2133 1154 2171 cum

165 2231 201 2270 ea
232 2213 348 2289 praeda,
380 2230 468 2289 quam
500 2213 531 2270 in
561 2213 637 2270 silvis
673 2212 874 2285 deposuerant,
905 2219 983 2268 trans
1018 2209 1154 2268 Rhenum
1169 2235 1200 2268 20

165 2319 229 2370 se'se
263 2321 440 2388 receperunt.
482 2311 528 2371 Ac
562 2321 657 2372 tantus
691 2312 744 2371 fuit
778 2313 864 2372 etiam
897 2320 965 2388 post
995 2311 1155 2369 discessum
1230 2289 1233 2304 .

164 2409 293 2468 hostium
313 2418 411 2482 terror,
432 2419 464 2468 ut
485 2429 520 2468 ea
540 2421 635 2482 nocte,
657 2429 723 2468 cum
749 2409 839 2468 Gaius
864 2408 1029 2466 Volusenus
1050 2409 1155 2468 missus

165 2526 232 2565 cum
253 2506 381 2583 equitatu
402 2508 439 2566 ad
460 2519 553 2566 eastra
573 2509 705 2579 venisset,
727 2508 815 2566 fidem
840 2525 900 2564 non
925 2505 1031 2564 faceret
1052 2508 1155 2566 adesse

164 2623 231 2661 cum
265 2604 403 2663 incolumi
438 2603 593 2662 Caesarem
628 2606 762 2664 exercitu.
806 2603 853 2662 Sic
887 2605 1008 2662 omnino
1042 2605 1154 2678 animos

163 2702 251 2760 timor
284 2712 551 2777 praeoccupaverat,
586 2712 617 2760 ut
647 2721 741 2778 paene
772 2701 894 2760 alienata
923 2711 1020 2760 mente
1056 2703 1155 2761 deletis
1169 2720 1197 2770 ²5

164 2799 300 2856 omnibus
327 2799 419 2874 copiis
448 2800 606 2875 equitatum
635 2817 665 2858 se
694 2817 731 2858 ex
759 2799 829 2874 fuga
856 2799 1000 2874 recepisse
1029 2799 1155 2858 dicerent

163 2913 258 2971 neque
291 2895 429 2953 incolumi
462 2896 588 2954 exercitu
616 2895 780 2954 Germanos
813 2906 906 2954 castra
936 2906 1153 2971 oppugnaturos

163 2992 252 3050 fuisse
290 2992 505 3050 contenderent.
549 2999 600 3051 42.
623 2992 721 3064 Quem
760 2995 895 3051 timorem
937 2992 1068 3051 Caesaris
1105 2995 1154 3052 ad-

162 3098 266 3148 ventus
291 3089 410 3148 sustulit.
454 3089 598 3148 Reversus
626 3091 672 3148 ille
696 3099 815 3149 eventus
839 3090 906 3148 belli
931 3108 992 3148 non
1016 3091 1153 3166 ignorans

162 3205 263 3258 unum,
278 3186 358 3263 quod
373 3186 507 3246 cohortes
522 3207 558 3246 ex
573 3188 696 3246 statione
710 3197 739 3246 et
752 3188 895 3263 praesidio
911 3196 1008 3247 essent
1023 3189 1152 3260 emissae,
1165 3209 1196 3258 30

163 3294 360 3361 questus—ne
381 3285 502 3342 minimo
524 3285 642 3362 quidem
663 3303 733 3343 casu
757 3285 854 3342 locum
877 3286 998 3362 relinqui
1020 3287 1153 3348 debuisse

161 3382 327 3443 —mrdtum
349 3381 494 3440 fortunam
515 3383 544 3438 in
563 3383 715 3457 repentino
736 3382 862 3440 hostium
884 3383 1007 3442 adventu
1024 3387 1152 3460 potuisse

162 3480 307 3550 iudicavit,
332 3469 422 3536 multo
448 3480 533 3536 etiarn
555 3480 686 3555 amplius,
715 3480 795 3556 quod
822 3498 915 3554 paene
940 3483 978 3540 ab
1000 3483 1064 3558 ipso
1079 3485 1151 3544 vallo

162 3577 311 3656 portisque
336 3591 493 3636 castrorum
514 3579 652 3636 barbaros
674 3579 827 3635 avertisset.
870 3579 1000 3651 Quarum
1022 3583 1152 3641 omnium
