2606 3934
117 273 252 342 13—15.
339 272 385 318 DE
406 272 516 319 BELLO
540 271 690 320 Gnttlco
713 272 823 320 ΟΟΜΜ.
848 273 904 320 ΙΙΙ.
1065 272 1105 340 57

114 428 200 494 atque
215 419 296 477 omni
314 438 420 496 genere
438 439 584 478 armorum
599 420 798 478 ornatissimae
813 420 959 496 profectae
973 437 1009 478 ex
1023 429 1109 494 portu

114 518 220 576 nostris
237 518 372 577 adversae
395 519 583 577 constiterunt
593 537 601 590 ;
630 537 725 595 neque
745 519 812 576 satis
835 518 933 587 Bruto,
952 518 1001 593 qui
1023 517 1107 574 classi

113 626 251 689 praeerat,
289 615 333 674 vel
371 617 491 674 tribunis
529 616 651 674 militum
685 613 966 693 centurionibusque,
1002 616 1107 690 quibus

115 713 243 788 singulae
260 733 348 773 naves
368 723 449 772 erant
469 715 627 784 attributae,
650 715 810 785 constabat,
832 715 901 790 quid
922 723 1039 789 agerent
1058 723 1106 770 aut

115 826 202 884 quam
216 812 356 870 rationem
371 831 487 888 pugnae
501 812 672 870 insisterent.
716 810 824 871 Rostro
838 812 916 870 enim
932 813 1030 870 noceri
1045 829 1105 868 non
1120 823 1142 873 5¹

114 925 201 982 posse
236 920 447 985 cognoverant:
486 910 608 968 turribus
644 919 739 967 autem
772 910 901 968 excitatis
936 920 1034 968 tamen
1053 910 1107 967 has

115 1004 233 1064 altitudo
247 1007 389 1082 puppium
403 1025 438 1066 ex
453 1008 581 1064 barbaris
599 1009 718 1065 navibus
738 1010 899 1082 superabat,
913 1017 945 1066 ut
960 1026 1056 1084 neque
1071 1026 1107 1064 ex

114 1103 248 1163 inferiore
266 1105 333 1163 loco
355 1105 424 1163 satis
442 1105 596 1164 commode
617 1105 673 1162 tela
691 1105 765 1162 adici
784 1115 905 1181 possent
925 1115 953 1163 et
967 1107 1056 1163 missa
1070 1107 1107 1162 ab

116 1199 205 1264 Gallis
230 1203 343 1278 gravius
363 1203 534 1261 acciderent.
576 1202 643 1260 Una
662 1213 722 1260 erat
743 1221 851 1278 magno
873 1204 936 1261 usui
958 1222 1004 1261 res
1026 1222 1107 1280 prae-

91 1301 93 1304 ’
114 1310 214 1373 parata
229 1320 246 1358 a
260 1301 375 1372 nostris,
390 1301 478 1359 falces
495 1311 667 1378 praeacutae
681 1302 804 1359 insertae
822 1301 983 1377 affixaeque
1005 1302 1107 1376 longu-
1124 1315 1154 1347 10

114 1397 162 1454 riis
183 1415 243 1456 non
261 1399 383 1457 absimili
403 1399 496 1457 forma
517 1399 668 1457 muralium
688 1399 810 1458 falcium.
854 1397 910 1457 His
930 1417 996 1456 cum
1016 1399 1107 1469 luneS,

116 1495 165 1570 qui
179 1505 330 1555 antemnas
344 1497 382 1556 ad
396 1497 488 1556 malos
507 1497 697 1567 destinabant,
713 1495 915 1572 comprehensi
935 1496 1108 1572 adductique

116 1602 205 1664 erant,
240 1595 355 1669 navigio
389 1596 476 1653 remis
515 1596 632 1653 incitato
667 1595 950 1670 praerumpebantur.
994 1593 1108 1666 Quibus

115 1690 234 1749 abscisis
258 1702 410 1750 antemnae
436 1693 598 1752 necessario
626 1693 826 1763 concidebant,
852 1703 890 1763 ut,
919 1711 985 1751 cum
1013 1694 1108 1750 omnis

116 1786 233 1848 Gallicis
250 1791 370 1848 navibus
390 1809 457 1866 spes
475 1793 504 1847 in
522 1791 591 1848 velis
608 1790 849 1866 armamentisque
869 1791 1046 1860 consisteret,
1064 1791 1107 1848 his
1124 1803 1151 1852 ι5

118 1887 221 1962 ereptis
243 1888 339 1946 omnis
361 1907 431 1947 usus
453 1889 570 1946 navium
587 1907 646 1946 uno
668 1899 801 1964 tempore
820 1889 986 1964 eriperetur.
1029 1888 1107 1946 Reli-

116 2003 205 2061 quum
226 1995 286 2043 erat
307 1996 454 2044 certarnen
477 1987 604 2062 positum
629 1986 659 2042 in
680 1986 789 2056 virtute,
812 2004 870 2062 qua
893 1987 984 2044 nostri
1005 1987 1107 2044 milites

115 2082 197 2141 facile
212 2084 394 2157 superabant,
406 2093 490 2159 atque
506 2102 542 2142 eo
553 2083 656 2158 magis,
671 2083 750 2158 quod
764 2083 794 2139 in
809 2093 966 2159 conspectu
977 2083 1108 2142 Caesaris

116 2191 201 2258 atque
216 2181 310 2239 omnis
329 2182 469 2240 exercitus
482 2200 527 2240 res
547 2183 707 2256 gerebatur,
722 2190 753 2238 ut
772 2182 881 2239 nullum
902 2183 989 2258 paulo
1009 2183 1109 2241 fortius

115 2279 225 2338 iactum
243 2280 329 2338 latere
349 2289 464 2356 posset;
486 2297 590 2338 omncs
611 2281 689 2338 enim
710 2279 797 2338 colles
818 2298 852 2338 ac
869 2279 934 2340 loca
954 2282 1108 2357 superiora,
1124 2293 1154 2326 20

115 2378 194 2436 unde
211 2386 271 2435 erat
291 2377 471 2453 propinquus
493 2377 645 2454 despectus
666 2377 696 2434 in
713 2395 801 2449 mare,
823 2379 861 2448 ab
881 2379 1006 2437 exercitu
1028 2389 1108 2438 tene·

115 2476 227 2533 bantur.
269 2481 316 2534 15.
338 2475 480 2547 Disiectis,
505 2486 537 2534 ut
558 2476 690 2546 diximus
713 2477 862 2548 antemnis,
889 2495 956 2534 cum
981 2478 1109 2553 singulas

115 2574 201 2631 binae
216 2582 361 2632 aeternae
376 2592 463 2632 naves
478 2575 731 2646 circumsteterant,
746 2575 849 2632 milites
864 2591 979 2633 summa
992 2576 1018 2632 vi
1033 2585 1110 2634 tran-

116 2673 255 2731 scendere
275 2673 306 2730 in
324 2673 452 2731 hostium
471 2691 559 2730 naves
581 2673 804 2731 contendebant.
849 2672 939 2745 Quod
952 2683 1113 2750 postquam,

115 2771 229 2829 barbari
249 2770 309 2828 lieri
332 2770 600 2839 animadverterunt,
621 2772 793 2846 expugnatis
814 2773 1010 2848 compluribus
1031 2775 1109 2831 navi·
1124 2785 1153 2834 ²5

115 2870 180 2938 bus,
201 2885 268 2926 cum
289 2868 316 2926 ei
336 2868 377 2926 rei
399 2868 509 2926 nullum
533 2869 702 2944 reperiretur
724 2870 869 2941 auxilium,
892 2869 962 2946 fuga
987 2870 1109 2929 salutem

115 2975 214 3045 petere
241 2965 458 3024 contenderunt.
500 2965 544 3023 Ac
579 2966 635 3023 iam
665 2967 810 3026 conversis
842 2969 872 3025 in
900 2986 965 3026 eam
998 2977 1109 3044 partem

115 3066 245 3135 navibus,
268 3082 328 3140 quo
350 3073 451 3122 ventus
473 3063 589 3136 ferebat,
612 3071 692 3122 tanta
705 3062 811 3124 'subito
832 3066 954 3124 malacia
976 3084 1010 3124 ac
1033 3076 1111 3123 tran·

116 3163 239 3240 quillitas
266 3164 380 3235 exstitit,
407 3171 439 3220 ut
466 3181 497 3221 se
525 3181 562 3221 ex
589 3163 655 3221 loco
680 3181 864 3222 commovere
892 3182 953 3222 non
981 3175 1108 3240 possent.

117 3261 202 3334 Quae
224 3261 341 3335 quidem
365 3279 412 3320 res
440 3260 477 3319 ad
499 3262 647 3338 negotium
671 3263 884 3321 conficiendum
908 3263 1034 3321 maxime
1057 3263 1109 3322 luit
1123 3282 1153 3330 30

116 3368 298 3435 opportuna:
319 3377 388 3417 nam
403 3360 529 3435 singulas
543 3361 634 3418 nostri
648 3362 805 3418 consectati
820 3371 1066 3437 expugnaverunt,
1078 3373 1109 3420 ut

116 3475 278 3532 perpaucae
305 3474 342 3514 ex
369 3457 450 3516 omni
477 3475 598 3516 numero
626 3457 720 3515 noctis
750 3459 911 3516 interventu
939 3458 977 3516 ad
1003 3468 1109 3518 terram

117 3555 306 3632 pervenerint,
323 3573 389 3614 cum
404 3557 441 3614 ab
455 3555 526 3614 hora
540 3555 599 3614 fere
613 3565 714 3631 quarta
727 3574 819 3633 usque
834 3557 871 3616 ad
886 3557 955 3615 solis
970 3575 1109 3617 occasum
