2634 3914
137 225 272 310 26—29.
362 240 408 287 ns
429 240 540 288 narro
564 239 713 288 enrrrco
736 239 846 290 corum
873 239 904 289 ν.
1087 240 1125 312 97

134 399 243 464 posset.
285 387 355 447 Non
370 389 452 448 facile
467 388 568 449 Gallos
583 389 673 449 Gallis
688 409 795 466 negare
808 389 946 466 potuisse,
961 391 1127 466 praesertim

135 505 202 544 cum
231 485 267 544 de
295 487 492 562 recuperanda
519 489 667 546 communi
689 487 817 546 libertate
846 487 998 546 consilium
1025 488 1128 545 initum

134 584 283 642 videretur.
327 583 441 656 Quibus
463 587 601 662 quoniam
622 603 675 661 pro
697 585 803 662 pietate
824 585 1000 656 satisfecerit,
1021 584 1128 643 habere

135 699 214 740 nunc
236 700 267 740 se
289 682 430 740 rationem
458 683 544 741 officii
565 701 619 759 pro
644 683 793 741 beneficiis
822 681 970 742 Caesaris:
998 699 1126 752 monere,

134 795 216 837 orare
235 779 379 837 Titurium
397 797 451 856 pro
471 780 605 856 hospitio,
621 789 653 838 ut
672 798 740 838 suae
762 798 796 838 ac
814 781 938 838 militum
957 780 1040 838 saluti
1057 791 1156 841 con-5

135 877 217 936 sulat.
259 877 401 954 Magnam
421 893 541 935 manum
560 877 774 936 Germanorum
795 878 970 936 conductam
991 876 1128 934 Rhenum

134 975 286 1048 transisse;
308 975 384 1035 hanc
404 975 495 1034 affore
515 975 613 1034 biduo.
656 975 792 1050 Ipsorum
812 993 876 1034 esse
896 976 1056 1047 consilium,
1070 975 1128 1032 vel-

134 1073 213 1130 intne
247 1073 335 1149 prius,
364 1091 452 1149 quam
483 1073 595 1131 finitimi
626 1074 757 1144 sentiant,
787 1074 907 1132 eductos
937 1091 974 1132 ex
1001 1073 1127 1131 hibernis

133 1170 235 1230 milites
249 1180 299 1228 aut
313 1171 351 1230 ad
362 1170 535 1231 Ciceronem
549 1180 598 1230 aut
612 1172 649 1230 ad
664 1171 825 1229 Labienum
840 1171 991 1243 deducere,
1003 1189 1126 1248 quorum

134 1267 203 1326 alter
217 1269 295 1326 milia
308 1287 446 1344 passuum
461 1269 572 1328 circiter
586 1269 803 1346 quinquaginta,
818 1269 888 1326 alter
902 1269 990 1346 paulo
1004 1269 1126 1344 amplius
1142 1295 1172 1328 10

133 1366 227 1424 abiis
251 1367 333 1424 absit.
375 1366 451 1425 Illud
475 1385 505 1426 se
530 1367 659 1443 polliceri
682 1378 711 1426 et
735 1367 921 1426 iureiurando
946 1367 1125 1434 confirmare,

133 1472 226 1520 tutum
245 1454 297 1522 it'er
316 1483 367 1542 per
386 1465 459 1524 fines
480 1465 621 1524 daturum.
664 1465 755 1537 Quod
776 1484 843 1524 cum
863 1465 957 1537 faciat,
973 1473 1002 1522 et
1022 1464 1127 1522 civitati

133 1578 196 1619 sese
221 1563 380 1633 consulere,
403 1563 484 1639 quod
507 1563 633 1622 hibernis
655 1563 771 1634 levetur,
794 1573 824 1622 et
846 1562 963 1622 Caesari
985 1581 1039 1639 pro
1064 1563 1125 1621 eius

132 1659 239 1718 meritis
260 1661 381 1735 gratiam
402 1660 514 1722 referre.
557 1661 624 1720 Hae
646 1661 776 1720 oratione
796 1660 893 1718 habita
914 1661 1034 1719 discedit
1054 1661 1126 1718 Arn-
1214 1705 1223 1718 .

132 1757 232 1815 biorix.
275 1764 328 1818 28.
349 1759 504 1835 Arpineius
526 1768 554 1818 et
574 1759 682 1828 Iunius,
697 1777 771 1835 quae
791 1759 950 1830 audienmt,
964 1759 1002 1817 ad
1016 1758 1126 1835 legatos
1142 1783 1169 1832 15

133 1853 272 1915 deferunt.
313 1855 358 1914 Illi
377 1857 526 1934 repentina
545 1875 575 1915 re
594 1857 760 1932 perturbati,
775 1857 828 1915 etsi
847 1858 884 1935 ab
897 1856 981 1915 hoste
1000 1875 1035 1914 ea
1050 1857 1125 1914 dice-

131 1955 245 2025 bantur,
272 1962 371 2013 tamen
399 1973 460 2013 non
488 1956 671 2031 neglegenda
705 1955 914 2026 existimabant,
942 1955 1125 2029 maximeque

131 2051 186 2108 hac
201 2069 231 2109 re
244 2053 494 2128 permovebantur,
510 2054 590 2129 quod
608 2053 751 2112 civitatem
770 2052 928 2128 ignobilem
942 2061 1027 2128 atque
1041 2052 1124 2110 hum·

131 2149 199 2206 ilem
217 2149 388 2208 Eburonum
411 2168 463 2208 sua
484 2159 588 2226 sponte
613 2149 723 2226 populo
745 2149 882 2208 Romano
903 2150 1010 2207 bellum
1030 2149 1124 2208 facere

131 2265 232 2306 ausam
252 2249 299 2305 vix
320 2257 380 2306 erat
401 2248 587 2307 eredendum.
629 2247 730 2323 Itaque
752 2247 790 2306 ad
814 2247 966 2306 consilium
990 2267 1051 2306 rem
1074 2249 1124 2308 de·
1140 2270 1170 2304 20

130 2345 233 2416 serunt,
261 2363 426 2422 magnaque
454 2347 527 2404 inter
554 2363 606 2405 eos
633 2345 742 2404 exsistit
770 2346 974 2405 controversia.
1016 2345 1123 2404 Lucius

130 2443 342 2501 Aurunculeius
376 2444 596 2520 compluresque
623 2443 729 2502 tribuni
759 2444 882 2502 militum
910 2453 939 2502 et
965 2444 1123 2520 primonrm

130 2541 264 2600 ordinum
279 2543 461 2600 centuriones
474 2542 545 2600 nihil
558 2551 666 2600 temere
681 2543 827 2619 agendum
840 2561 935 2619 neque
950 2561 985 2602 ex
996 2543 1123 2601 hibernis

129 2639 239 2698 iniussu
260 2637 392 2698 Caesaris
414 2639 621 2698 discedendum
642 2641 859 2699 existimabant:
888 2642 1052 2717 quantasvis
1073 2659 1123 2700 co-

130 2738 193 2815 pias
222 2737 308 2794 etiam
337 2736 550 2796 Germanorum
579 2738 711 2796 sustineri
738 2757 825 2814 posse
852 2739 969 2798 munitis
996 2739 1122 2798 hibernis
1138 2759 1166 2809 25

129 2835 289 2894 docebant:
311 2853 372 2893 rem
394 2854 457 2895 esse
478 2837 653 2907 testimonio,
674 2837 755 2912 quod
774 2837 900 2912 primurn
920 2837 1048 2896 hostium
1068 2838 1122 2894 im-

128 2943 229 3010 petum
247 2933 343 2992 multis
362 2934 437 2993 ultro
457 2935 621 2994 vulneribus
641 2935 724 2994 illatis
745 2934 898 2993 fortissime
920 2935 1120 2994 sustinuerint:

128 3049 160 3088 re
181 3030 364 3100 frumentaria
384 3049 444 3090 non
465 3033 573 3108 premi;
595 3033 704 3091 interea
725 3041 753 3091 et
773 3051 811 3091 ex
831 3033 970 3109 proximis
995 3033 1120 3092 hibernis

128 3138 159 3188 et
173 3147 190 3186 a
205 3128 329 3188 Caesare
346 3140 521 3188 conventura
538 3131 682 3190 subsidia:
703 3140 851 3207 postremo
866 3131 935 3206 quid
953 3149 1017 3190 esse
1031 3131 1120 3189 levius

128 3235 178 3284 aut
201 3227 320 3302 turpius,
343 3246 430 3304 quam
455 3237 572 3287 auctore
595 3227 680 3287 hoste
705 3229 741 3287 de
766 3229 886 3288 summis
907 3231 992 3288 rebus
1017 3247 1119 3306 capere
1135 3249 1166 3297 30

127 3324 300 3383 consilium?
342 3333 396 3384 29.
418 3325 528 3385 Contra
542 3344 576 3384 ea
590 3326 718 3384 Titurius
730 3345 794 3384 sero
809 3325 935 3385 facturos
948 3327 1118 3400 clamitabat,

127 3433 197 3480 cum
221 3423 346 3480 maiores
370 3441 474 3481 manus
498 3423 625 3482 hostium
650 3424 791 3482 adiunctis
816 3422 968 3483 Germanis
993 3443 1119 3484 conven-

126 3521 228 3590 issent,
242 3529 291 3577 aut
310 3539 377 3578 curn
396 3521 504 3596 aliquid
524 3521 691 3579 calamitatis
705 3521 735 3578 in
749 3522 889 3619 proximis
903 3522 1029 3581 hibernis
1043 3534 1122 3582 esset

125 3626 287 3694 acceptum.
332 3617 452 3676 Brevem
466 3618 636 3676 consulendi
649 3636 713 3677 esse
727 3619 922 3678 occasionem.
964 3618 1118 3680 Caesarem

611 3732 636 3773 Η
