2634 3914
179 155 219 239 78
496 175 525 224 c.
549 174 643 222 ruarr
664 173 835 224 crassam
1119 176 1163 221 rr.

176 324 327 398 longarum
352 323 476 394 navium,
498 324 566 382 item
587 322 776 400 speculatoria
797 323 909 399 navigia
929 322 1064 382 militibus
1083 337 1164 380 com·

174 421 245 497 pleri
272 421 352 480 iussit
380 431 417 492 et,
445 440 519 498 quos
545 423 710 482 laborantes
738 430 938 498 conspexerat,
967 421 1012 480 his
1037 420 1165 481 subsidia

176 519 365 578 submittebat.
409 518 516 591 Nostri,
532 520 616 578 simul
634 520 664 577 in
683 519 764 579 arido
783 519 981 590 constiterunt,
997 518 1055 580 suis
1070 518 1164 578 omni·

174 619 228 676 bus
242 617 402 676 consecutis
417 617 447 674 in
457 617 554 676 hostes
567 618 705 692 impetum
721 616 849 676 lecerunt
860 627 945 693 atque
957 633 1009 676 eos
1023 617 1052 676 in
1063 615 1164 691 sugam

148 715 323 788 sdederunt,
344 733 437 791 neque
465 716 578 792 longius
605 715 743 793 prosequi
768 724 930 791 potuerunt,
952 713 1032 790 quod
1053 715 1164 791 equites

174 830 290 873 cursum
310 823 406 872 tenere
427 822 513 888 atque
533 813 657 874 insulam
681 831 785 890 capere
805 830 866 872 non
890 821 1051 889 potuerant.
1094 811 1164 870 Hoc

174 929 265 970 unum
280 911 327 970 ad
351 911 499 988 pristinam
526 911 670 972 fortunam
695 910 812 970 Caesari
840 910 938 970 deluit.
980 916 1030 972 2¹1.
1052 909 1163 968 Hostes

174 1009 284 1085 proelio
299 1009 430 1085 superati,
445 1009 629 1086 simulatque
643 1027 675 1068 se
689 1028 725 1068 ex
739 1008 808 1084 luga
821 1017 999 1084 recepemnt,
1015 1009 1110 1066 statim
1125 1007 1164 1066 ad

175 1107 329 1166 Caesarem
343 1107 453 1182 legatos
468 1107 503 1164 de
517 1125 589 1182 pace
603 1108 751 1177 miserunt,
766 1107 884 1169 obsides
899 1107 1016 1166 daturos
1031 1123 1163 1181 quaeque

132 1222 161 1258 m
174 1205 341 1280 imperasset
359 1203 487 1264 facturos
506 1222 571 1264 esse
584 1205 702 1280 polliciti
721 1214 796 1266 sunt.
838 1203 906 1264 Una
922 1221 990 1263 cum
1004 1202 1048 1262 his
1061 1202 1163 1276 legatis

174 1303 324 1362 Commius
351 1302 474 1362 Atrebas
501 1303 586 1374 venit,
615 1321 702 1379 quem
723 1318 817 1380 'supra
850 1303 1115 1362 demonstraveram
1146 1318 1164 1359 a

173 1401 295 1460 Caesare
309 1401 338 1460 in
352 1400 531 1460 Britanniam
546 1402 744 1476 praemissum.
787 1400 877 1460 Hunc
891 1401 931 1458 illi
950 1419 966 1458 e
981 1400 1045 1460 navi
1065 1417 1162 1474 egres·

173 1517 245 1570 sum,
261 1517 328 1557 cum
347 1497 385 1556 ad
403 1516 457 1556 eos
475 1499 595 1558 oratoris
614 1498 704 1558 modo
724 1498 856 1560 Caesaris
873 1497 1012 1558 mandata
1032 1494 1162 1568 delerret,

173 1595 451 1672 comprehenderant
470 1604 555 1672 atque
576 1596 606 1654 in
626 1595 738 1657 vincula
757 1598 949 1666 coniecerant,
970 1605 1031 1654 tum
1052 1595 1163 1671 proelio

130 1708 158 1756 15
173 1694 249 1752 lacto
263 1694 440 1752 remiserunt.
481 1693 517 1753 ln
535 1694 661 1769 petenda
679 1712 752 1770 pace
771 1695 832 1754 eius
850 1695 890 1754 rei
910 1694 1025 1770 culpam
1046 1694 1074 1751 in
1089 1693 1162 1750 mul-

174 1793 322 1852 titudinem
347 1791 538 1862 coniecerunt,
563 1801 591 1850 et
615 1802 733 1867 propter
757 1791 978 1868 imprudentiam
1005 1799 1036 1850 ut
1063 1791 1162 1866 ignos-

173 1900 283 1950 ceretur
310 1889 476 1966 petiverunt
527 1887 635 1947 Caesar
663 1898 791 1964 questus,
819 1888 908 1966 quod,
937 1907 1003 1946 cum
1031 1888 1104 1946 ultro
1131 1889 1162 1948 in

173 1988 367 2046 continentem
388 1986 489 2062 legatis
510 1986 605 2046 missis
621 2004 730 2062 pacem
759 1987 796 2047 ab
823 2005 855 2046 se
882 1987 1029 2062 petissent,
1054 1986 1162 2044 bellum

173 2086 233 2144 sine
243 2103 331 2144 causa
340 2084 509 2155 intulissent,
520 2084 671 2160 ignoscere
682 2083 891 2159 imprudentiae
902 2084 975 2142 dixit
987 2084 1161 2160 obsidesque

130 2204 159 2239 ro
171 2183 335 2260 imperavit3
364 2201 488 2258 quorum
508 2182 547 2242 illi
568 2192 679 2258 partem
705 2182 800 2242 statim
821 2182 971 2252 dedemnt,
992 2191 1102 2257 partem
1124 2202 1160 2242 ex

171 2281 419 2358 longinquioribus
439 2279 512 2338 locis
532 2281 697 2338 arcessitam
717 2279 817 2354 paucis
837 2279 938 2340 diebus
958 2297 1022 2338 sese
1042 2280 1161 2340 daturos

171 2379 311 2437 dixerunt.
353 2377 468 2436 Interea
489 2393 557 2436 suos
577 2378 730 2451 remigrare
751 2377 781 2434 in
803 2394 888 2452 agros
910 2377 1062 2448 iusserunt,
1082 2379 1161 2453 prin-

172 2477 307 2553 cipesque
327 2475 454 2550 undique
476 2475 628 2534 convenire
649 2483 729 2534 etse
749 2474 934 2550 civitatesque
956 2492 1022 2532 suas
1044 2473 1159 2534 Caesari

172 2573 377 2631 commendare
391 2581 556 2647 coeperunt.

129 2699 159 2749 ²5
213 2676 268 2730 28.
287 2669 344 2730 His
362 2671 447 2728 rebus
465 2688 537 2746 pace
552 2670 721 2732 confirmata
738 2680 806 2747 post
820 2670 896 2730 diem
911 2680 1054 2748 quartum,
1070 2687 1160 2746 quam

173 2769 269 2828 estin
293 2767 468 2828 Britanniam
495 2778 622 2839 ventum,
650 2787 738 2830 naves
762 2785 852 2839 mn,
877 2768 913 2828 de
941 2769 1046 2845 quibus
1073 2785 1162 2843 supra

171 2867 398 2926 demonstratum
426 2876 478 2939 est,
501 2885 575 2942 quae
602 2867 713 2940 equites
741 2867 921 2936 sustulerant,
947 2885 983 2924 ex
1012 2866 1161 2942 superiore

172 2975 256 3043 portu
281 2965 338 3023 leni
365 2974 450 3024 vento
478 2965 630 3024 solverunt.
687 2963 771 3036 Quae
798 2982 865 3026 cum
896 2964 1163 3040 appropinquarent

169 3062 334 3120 Britanniae
358 3071 386 3120 et
408 3080 444 3120 ex
468 3062 568 3120 castris
592 3059 761 3132 viderentur,
782 3069 862 3122 tanta
884 3069 1041 3136 tempestas
1061 3061 1161 3120 subito

128 3187 159 3235 30
172 3169 271 3218 coorta
291 3169 342 3229 est,
357 3167 388 3218 ut
408 3158 486 3216 nulla
507 3176 606 3217 earum
627 3177 742 3218 cursum
763 3168 861 3220 tenere
881 3167 989 3234 posset,
1012 3157 1063 3216 sed
1084 3157 1161 3216 aliae

171 3257 284 3326 eodem,
297 3255 374 3314 unde
393 3265 473 3314 erant
486 3255 640 3330 profectae,
654 3254 833 3327 referrentur,
848 3256 919 3314 aliae
937 3255 975 3313 ad
993 3255 1162 3316 inferiorem

171 3363 282 3429 partem
309 3353 427 3423 insulae,
456 3371 529 3429 quae
558 3363 601 3412 est
627 3355 746 3430 propius
778 3354 846 3412 solis
874 3370 1019 3424 occasum,
1047 3369 1162 3428 magno

168 3451 216 3509 sui
243 3467 309 3509 cum
336 3450 462 3526 periculo
491 3452 669 3514 deicerentur
676 3471 684 3527 ;
713 3470 788 3528 quae
815 3462 912 3512 tamen
936 3451 1050 3512 ancoris
1073 3451 1162 3512 iactis
