2606 3934
134 204 271 285 14-18.
377 219 424 268 oa
445 220 555 270 narro
579 220 729 270 onrarco
753 221 860 270 coum
884 221 924 273 rr.
1080 223 1120 286 41

132 369 209 428 disse
236 369 449 447 adventumque
478 372 518 430 ibi
546 371 747 430 Romanorum
775 381 941 447 exspectare
968 388 1028 429 una
1055 387 1122 428 cum

131 466 275 527 Atrebatis
294 478 323 527 et
347 469 562 541 Viromanduis,
583 470 711 527 finitimis
735 469 794 528 suis
820 473 902 542 (nam
926 469 970 527 his
994 468 1122 543 utrisque

131 577 339 640 persuaserant,
361 568 402 625 uti
423 567 547 626 eandem
566 567 632 625 belli
653 567 798 625 fortunam
818 563 1042 644 experirentur);
1072 585 1122 623 ex·
1164 626 1168 634 ,

131 664 252 737 spectari
276 666 363 724 etiam
387 666 424 724 ab
451 665 496 724 bis
519 665 738 724 Aduatucorum
762 666 862 741 copias
886 674 972 740 atque
999 682 1063 722 esse
1091 664 1122 721 in

130 758 247 820 itinere:
275 763 408 824 mulieres
433 764 539 840 quique
563 781 616 839 per
638 772 762 821 aetatem
786 763 823 820 ad
851 779 980 840 pugnam
1008 761 1149 820 inutilest

129 857 292 918 viderentur
316 862 346 919 in
370 879 437 920 eum
461 861 560 920 locum
584 855 751 932 coniecisse,
776 877 835 936 quo
859 870 977 936 propter
1001 859 1122 936 paludes
1159 893 1164 900 ·

129 958 265 1016 exercitui
281 959 375 1018 aditus
389 977 451 1018 non
465 969 550 1018 esset.
590 965 636 1020 17.
660 958 717 1017 His
737 959 822 1017 rebus
843 958 967 1033 cognitis
988 957 1121 1034 explora·

128 1062 206 1114 tores
227 1058 467 1133 centurionesque
488 1058 652 1134 praemittit,
674 1057 724 1131 qui
744 1056 841 1114 locum
861 1056 1000 1114 idoneum
1021 1055 1121 1114 castris

129 1150 266 1226 deligant.
308 1153 385 1214 Cum
404 1174 441 1214 ex
462 1156 603 1215 dediticiis
622 1153 720 1230 Belgis
738 1153 912 1230 reliquisque
931 1152 1021 1212 Gallis
1040 1171 1121 1212 corn·

128 1247 225 1324 plures
246 1250 400 1311 Caesarem
420 1254 510 1312 secuti
528 1271 587 1311 una
605 1252 658 1311 iter
676 1252 811 1322 facerent,
827 1251 945 1328 quidam
964 1269 1000 1310 ex
1019 1251 1072 1319 his,
1089 1261 1121 1310 ut
1136 1259 1166 1293 10

127 1359 231 1423 postea
245 1368 280 1409 ex
298 1352 416 1427 captivis
431 1352 580 1427 cognitum
598 1359 649 1422 est,
666 1367 767 1409 eorum
785 1349 896 1408 dierum
911 1349 1120 1408 consuetudine

126 1445 235 1505 itineris
259 1449 351 1507 nostri
376 1450 517 1508 exercitus
545 1458 697 1525 perspecta
724 1457 810 1506 nocte
839 1447 877 1506 ad
904 1445 1028 1506 Nervios
1055 1463 1121 1522 per-

127 1555 268 1604 venerunt
293 1556 379 1622 atque
406 1547 451 1606 his
479 1548 713 1606 demonstrarunt
740 1546 814 1604 inter
839 1544 968 1620 singulas
990 1544 1121 1622 legiones

126 1641 400 1718 impedimentorum
419 1663 560 1722 magnum
576 1661 729 1703 numerum
745 1643 932 1716 intercedere,
946 1660 1043 1720 neque
1057 1660 1121 1702 esse

127 1741 282 1818 quicquam
316 1744 434 1820 negotii,
467 1761 534 1802 cum
567 1744 662 1820 prima
695 1742 771 1819 legio
806 1743 837 1800 in
871 1751 964 1801 castra
997 1742 1121 1801 venisset
1137 1748 1164 1798 15

125 1839 309 1916 reliquaeque
334 1841 464 1918 legiones
485 1858 626 1916 magnum
652 1841 778 1916 spatium
802 1841 945 1910 abessent,
966 1839 1042 1898 hanc
1067 1839 1121 1898 sub

126 1937 245 1995 sarcinis
266 1939 387 2012 adoriri3
414 1957 472 2014 qua
499 1939 582 2015 pulsa
609 1937 881 2014 impedimentisque
909 1937 1027 2013 direptis
1045 1936 1121 1995 lutu-

125 2050 199 2103 rum‚
214 2042 246 2092 ut
261 2035 386 2110 reliquae
399 2046 499 2094 contra
517 2036 674 2094 consistere
691 2053 752 2094 non
770 2036 917 2094 auderent.
959 2035 1122 2093 Adiuvabat

126 2130 213 2188 etiam
237 2148 340 2190 eorum
369 2133 530 2204 consilium,
555 2133 604 2209 qui
628 2151 690 2190 rem
718 2132 893 2205 deserebant,
919 2133 998 2209 quod
1023 2133 1122 2191 Nervii

124 2230 289 2304 antiquitus,
309 2247 376 2289 cum
397 2231 525 2307 equitatu
545 2231 616 2288 nihil
636 2240 758 2306 possent
779 2233 886 2306 (neque
907 2232 985 2290 enim
1004 2231 1042 2290 ad
1062 2231 1120 2291 hoc
1135 2244 1165 2282 ²0

125 2337 239 2402 tempus
263 2329 290 2386 ei
314 2329 356 2388 rei
380 2328 504 2401 student,
531 2329 592 2400 sed,
619 2327 756 2405 quicquid
783 2336 915 2405 possunt,
939 2328 1121 2405 pedestribus

124 2425 220 2483 valent
230 2423 343 2504 copiis),
355 2445 415 2503 quo
426 2427 536 2486 facilius
548 2427 735 2486 finitimorum
747 2427 914 2503 equitatum,
927 2427 951 2486 si
962 2429 1121 2504 praedandi

125 2540 213 2581 causa
229 2525 267 2582 ad
284 2541 336 2583 eos
353 2525 507 2597 venissent,
524 2525 707 2602 impedirent,
725 2525 831 2584 teneris
853 2526 1003 2585 arboribus
1024 2527 1121 2586 incisis

125 2624 212 2696 atque
235 2621 358 2693 inflexis,
379 2623 486 2682 crebris
510 2623 540 2682 in
560 2623 740 2682 latitudinem
764 2622 851 2682 ramis
876 2624 968 2682 enatis
989 2633 1018 2683 et
1041 2625 1120 2684 rubis

125 2721 313 2797 sentibusque
333 2722 487 2782 interiectis
508 2723 672 2794 effecerant,
693 2730 725 2780 ut
749 2723 840 2781 instar
862 2723 937 2781 muri
961 2723 1016 2784 hae
1036 2743 1121 2802 sepes
1135 2737 1163 2786 ²5

124 2822 304 2879 munimenta
324 2823 502 2897 praeberent,
526 2840 585 2898 quo
606 2840 668 2880 non
688 2822 780 2880 modo
800 2839 862 2880 non
883 2823 989 2896 intrari,
1010 2825 1121 2883 sedne

123 2919 248 2998 perspici
265 2919 383 2995 quidem
397 2930 505 2996 posset.
549 2921 605 2979 His
624 2921 709 2978 rebus
729 2937 796 2978 cum
816 2920 870 2978 iter
887 2922 1011 2997 agminis
1031 2925 1121 2981 nostri

40 3035 43 3040 ’
123 3017 316 3092 impediretur,
345 3035 407 3076 non
435 3019 629 3077 omittendum
661 3019 813 3077 consilium
845 3018 943 3078 Nervii
974 3021 1118 3079 existima·

122 3124 234 3174 verunt.
288 3122 337 3174 18.
368 3115 441 3174 Loci
472 3125 574 3175 natura
599 3124 659 3175 erat
682 3116 763 3188 haec,
792 3133 880 3193 quem
904 3118 1001 3176 locum
1028 3121 1119 3178 nostri

123 3213 225 3272 castris
256 3213 433 3288 delegerant.
476 3213 566 3272 Collis
601 3215 639 3272 ab
670 3231 785 3272 summo
816 3215 972 3291 aequaliter
1003 3215 1118 3276 declivis
1132 3232 1163 3280 30

122 3311 160 3369 ad
179 3310 288 3368 flumen
311 3311 418 3383 Sabim,
437 3311 517 3387 quod
538 3329 625 3388 supra
645 3312 866 3383 nominavimus,
885 3313 1029 3387 vergebat.
1070 3315 1118 3374 Ab

122 3428 159 3468 eo
180 3410 299 3468 flumine
324 3411 386 3487 pari
410 3411 566 3470 acclivitate
588 3411 669 3468 collis
693 3412 867 3469 nascebatur
890 3411 1025 3471 adversus
1051 3413 1117 3472 huic

122 3517 151 3566 et
166 3508 334 3580 contrarius,
358 3525 461 3586 passus
486 3508 597 3567 circiter
625 3508 766 3566 ducentos
791 3507 907 3567 infimus
930 3519 1055 3584 apertus,
1080 3512 1117 3568 ab
