2652 3928
156 253 292 336 78—81.
382 269 429 316 na
450 269 561 317 narro
584 268 732 316 cnrrrco
754 267 862 317 corum
889 269 949 318 νη.
1080 268 1138 336 177

150 417 264 476 tionum
285 417 436 494 disposito,
456 427 495 490 ut,
518 419 542 476 si
565 437 635 476 usus
659 419 762 488 veniat,
785 436 869 477 suum
891 419 1013 494 quisque
1039 414 1138 474 locum

149 522 245 573 teneat
268 524 297 574 et
321 516 438 586 noverit,
461 516 620 592 equitatum
644 535 680 574 err
705 516 804 574 castris
829 515 913 574 educi
940 525 968 574 et
995 513 1137 590 proelium

149 613 289 670 committi
300 613 385 670 iubet.
419 613 489 670 Erat
500 631 535 670 ex
547 613 682 671 omnibus
693 613 800 684 castris
811 631 885 688 quae
897 630 1043 670 summum
1053 609 1138 668 undi-

148 713 204 785 que
224 711 323 786 iugum
343 711 488 782 tenebant,
506 711 668 786 despectus,
684 709 769 786 atque
788 728 892 768 omnes
912 711 1017 768 milites
1035 707 1136 766 intenti

147 823 262 882 pugnae
282 817 453 884 proventum
475 809 692 882 exspectabant.
735 807 810 866 Galli
832 809 903 867 inter
924 808 1035 884 equites
1055 823 1163 874 raros5

147 904 311 980 sagittarios·
336 905 545 980 expeditosque
572 905 641 963 levis
666 915 824 963 armaturae
852 905 1059 975 interiecerant‚
1086 903 1136 979 qui

147 1001 205 1060 suis
229 1001 396 1060 cedentibus
419 1002 523 1060 auxilio
546 1012 742 1060 succurrerent
762 1011 790 1059 et
815 1013 981 1060 nostrorum
1005 1003 1135 1078 equitum

145 1099 270 1174 impetus
291 1101 470 1158 sustinerent.
512 1101 560 1158 Ab
578 1099 623 1158 his
643 1099 805 1174 complures
825 1100 861 1157 de
880 1100 1036 1175 improviso
1053 1100 1136 1158 vuln-

145 1197 215 1255 erati
245 1199 354 1272 proelio
387 1197 576 1255 excedebant.
635 1195 711 1255 Cum
739 1215 808 1254 suos
840 1214 940 1272 pugna
972 1197 1134 1272 superiores

144 1312 208 1352 esse
233 1293 308 1352 Galli
332 1295 510 1354 confiderent
538 1304 566 1353 et
590 1303 705 1352 nostros
731 1293 911 1352 multitudine
935 1295 1027 1369 premi
1055 1295 1179 1354 vide-10

144 1400 217 1462 rent,
239 1411 275 1450 ex
296 1392 431 1450 omnibus
452 1391 579 1466 partibus
600 1401 629 1448 et
649 1392 677 1462 ii,
698 1392 747 1467 qui
769 1391 976 1449 munitionibus
1002 1394 1132 1452 contine·

143 1491 256 1559 bantur,
286 1499 314 1548 et
341 1489 378 1560 hi,
407 1488 456 1565 qui
483 1489 521 1547 ad
548 1489 685 1546 auxilium
716 1498 919 1560 convenerant,
948 1489 1073 1548 clamore
1105 1499 1134 1548 et

142 1587 252 1644 ululatu
279 1605 397 1644 suorum
418 1586 531 1644 animos
552 1586 769 1644 confirmabant.
812 1585 902 1657 Quod
922 1586 953 1644 in
974 1598 1132 1663 conspectu

143 1685 275 1743 omnium
293 1703 339 1742 res
357 1685 508 1760 gerebatur
527 1702 622 1760 neque
640 1693 717 1741 recte
738 1702 772 1742 ac
792 1685 909 1760 turpiter
924 1683 1032 1742 factum
1046 1686 1131 1745 celari

143 1791 262 1858 poterat,
287 1792 423 1857 utrosque
447 1790 475 1838 et
499 1781 591 1839 laudis
619 1781 759 1857 cupiditas
787 1792 815 1840 et
843 1783 928 1839 timor
955 1783 1130 1857 ignominiae
1147 1807 1176 1858 15

143 1879 181 1937 ad
208 1881 340 1937 virtutem
374 1879 523 1937 excitabat
567 1877 643 1937 Cum
674 1897 692 1936 a
718 1879 837 1936 meridie
870 1897 961 1954 prope
992 1879 1029 1938 ad
1062 1881 1130 1940 solis

143 1994 281 2034 occasum
302 1977 389 2034 dubia
409 1978 527 2034 victoria
548 1987 731 2052 pugnaretur,
754 1976 892 2035 Germani
913 1995 970 2034 una
994 1978 1025 2035 in
1049 1990 1130 2053 parte

143 2074 279 2132 confertis
301 2075 402 2132 turmis
426 2075 457 2130 in
484 2073 583 2130 hostes
605 2074 747 2149 impetum
774 2073 902 2130 fecerunt
926 2091 1033 2150 eosque
1062 2094 1128 2150 pro-

142 2171 294 2246 pulerunt3
323 2172 427 2247 quibus
448 2172 478 2228 in
502 2171 602 2246 fugam
623 2171 760 2229 coniectis
782 2171 918 2246 sagittarii
943 2172 1128 2230 circumventi

141 2269 338 2345 interfectique
353 2278 427 2327 sunt.
478 2269 554 2326 Item
568 2287 604 2326 ex
618 2269 733 2344 reliquis
748 2269 875 2344 partibus
889 2269 978 2326 nostri
993 2269 1128 2329 cedentes
1145 2300 1176 2336 20

97 2385 100 2390 ¹
141 2384 234 2443 usque
259 2367 296 2424 ad
317 2376 409 2424 castra
429 2367 550 2424 insecuti
571 2367 615 2424 sui
637 2367 791 2442 colligendi
812 2365 976 2424 facultatem
998 2385 1057 2424 non
1078 2367 1127 2426 de-

142 2463 252 2522 derunt.
293 2464 333 2522 At
357 2464 384 2534 ii,
409 2463 458 2538 qui
482 2463 519 2520 ab
547 2463 646 2522 Alesia
674 2473 881 2539 processerant,
907 2465 1008 2523 maesti
1035 2484 1128 2542 prope

141 2562 259 2620 victoria
279 2562 428 2637 desperata
449 2579 480 2620 se
499 2561 528 2618 in
547 2561 688 2637 oppidum
706 2573 883 2638 receperunt.
926 2552 979 2621 81.Δ
993 2563 1062 2622 Uno
1082 2564 1129 2623 die
1149 2607 1152 2615 Δ
1219 2629 1222 2638 Δ

141 2659 305 2718 intermisso
320 2659 395 2718 Galli
415 2670 500 2734 atque
518 2659 576 2717 hoc
598 2661 691 2735 spatio
710 2678 817 2735 magno
834 2661 963 2734 cratium,
978 2661 1128 2733 scalarum,

140 2756 342 2832 harpagonum
362 2774 483 2814 numero
503 2755 606 2814 effecto
625 2759 721 2816 media
742 2768 827 2816 nocte
847 2758 959 2817 silentio
977 2779 1014 2818 ex
1028 2762 1128 2819 castris
1144 2782 1174 2832 ²5

140 2855 248 2930 egressi
263 2855 301 2912 ad
314 2865 488 2930 campestres
507 2855 682 2914 munitiones
695 2857 844 2938 accedunt.
887 2857 988 2914 Subito
1003 2858 1128 2916 clamore

141 2952 261 3023 sublat0,
284 2970 341 3028 qua
362 2952 569 3028 significatione
598 2955 646 3028 qui
674 2955 704 3010 iu
731 2954 841 3029 oppido
865 2955 1071 3013 obsidebantur
1092 2955 1129 3014 de

140 3067 193 3108 suo
222 3051 346 3108 adventu
374 3067 553 3126 cognoscere
580 3061 707 3126 possent,
737 3060 828 3110 crates
856 3053 993 3126 proicere,
1021 3051 1128 3123 sundiS,

139 3149 258 3222 sagittis
285 3148 427 3224 lapidibus
454 3157 569 3206 nostros
597 3148 633 3206 de
660 3149 734 3206 vallo
758 3150 925 3224 proturbare
952 3149 1126 3224 reliquaque,

139 3264 214 3323 quae
249 3246 287 3304 ad
321 3246 569 3321 oppugnationem
604 3247 755 3320 pertinent,
784 3256 886 3321 parant
921 3246 1124 3304 administrare.
1141 3268 1173 3316 30

138 3343 253 3402 Eodem
280 3353 410 3419 ternpore
439 3343 565 3402 clamore
594 3345 728 3403 exaudito
758 3345 807 3402 dat
834 3347 902 3403 tuba
929 3345 1044 3420 signum
1069 3346 1127 3406 suis

138 3441 356 3517 Vercingetorix
371 3451 456 3516 atque
475 3461 511 3498 ex
529 3442 638 3517 oppido
658 3443 763 3500 educit.
805 3441 913 3513 Nostri,
928 3453 959 3500 ut
976 3443 1127 3520 superiori·

137 3539 191 3598 bus
217 3540 327 3612 diebus,
346 3549 377 3598 ut
400 3539 503 3616 cuique
528 3550 588 3598 erat
609 3540 690 3598 locus
715 3540 873 3611 attributus,
894 3541 931 3600 ad
952 3541 1126 3603 munitiones

622 3653 643 3696 rr
