2652 3928
167 211 261 260 1-2.
373 207 419 254 aa
441 205 551 253 antro
572 204 723 254 orrarco
738 205 856 260 ¹,coram
883 207 961 254 vrrr.
1094 193 1154 279 ¹⁸3

165 355 260 426 etiam,
288 372 377 430 quam
404 353 488 414 facile
515 363 601 432 atque
626 353 754 413 celeriter
779 372 832 413 eos
851 353 1012 432 perfecerit,
1038 353 1154 414 scimus.

164 452 235 511 Erat
254 463 350 510 autem
365 452 395 512 ‘m
410 450 534 512 Caesare
549 470 617 511 cum
633 451 754 512 facultas
775 462 861 528 atque
881 453 1024 529 elegantia
1038 470 1153 512 summa

162 549 316 620 scribendi,
337 559 399 608 tum
416 549 564 609 verissima
584 549 703 609 scientia
721 567 838 610 suorum
856 549 1041 611 consiliorum
1063 549 1151 625 expli·

163 647 335 706 candorum.
378 645 453 704 Mihi
474 664 511 706 ne
531 646 602 704 illud
625 646 744 722 quidem
768 647 880 719 accidit,
898 657 933 708 ut
955 647 1153 708 Alexandrino

164 754 250 821 atque
268 743 407 804 Africano
426 743 502 803 bello
520 745 705 816 interessem
734 762 809 820 quae
826 745 901 804 bella
921 763 1098 822 quamquam
1116 762 1181 818 exg

163 852 246 919 parte
263 843 352 900 nobis
372 840 505 902 Caesaris
527 859 662 904 sermone
683 850 751 900 sunt
771 851 849 913 nota,
863 851 962 904 tamen
978 843 1062 902 aliter
1082 840 1153 900 aud·

164 940 239 998 imus
260 957 303 1010 ea,
318 957 393 1016 quae
413 956 510 998 rerum
531 938 657 996 novitate
673 947 723 996 aut
742 939 932 998 admiratione
940 958 1007 1000 nos
1026 939 1153 1018 capiunt,

165 1036 254 1106 aliter,
278 1054 353 1112 quae
382 1052 435 1112 pro
460 1035 627 1096 testimonio
656 1053 756 1097 sumus
784 1035 896 1096 dicturi.
939 1036 998 1096 Sed
1025 1055 1082 1113 ego
1107 1039 1153 1094 ni·

163 1133 279 1206 rubum,
302 1134 374 1192 dum
397 1150 502 1194 omues
522 1133 721 1192 excusationis
745 1151 849 1194 causas
877 1135 993 1210 colligo,
1018 1153 1056 1194 ne
1085 1153 1152 1194 curn

164 1229 289 1290 Caesare
321 1229 462 1300 comem,
489 1228 547 1290 hoc
576 1230 673 1306 ipsum
702 1231 813 1290 crimen
841 1232 1021 1308 arrogantiae
1050 1233 1150 1303 subeo,
1167 1256 1197 1292 ro

163 1329 245 1404 qoud
265 1345 313 1386 me
331 1327 439 1386 iudicio
461 1326 631 1402 cuiusquam
652 1325 814 1386 existimem
832 1345 922 1405 posse
938 1347 1007 1388 cum
1026 1327 1151 1390 Caesare

164 1425 333 1500 comparari
374 1423 456 1486 vale.

202 1529 228 1582 ,L
250 1522 341 1582 Omni
363 1521 457 1582 Gallia
477 1521 589 1582 devicta
612 1519 722 1584 Caesar
746 1541 813 1582 cum
837 1542 855 1584 a
876 1525 1023 1601 superiore
1044 1531 1152 1582 aestate

163 1620 274 1680 nullum
295 1619 420 1682 bellandi
439 1628 554 1695 tempus
570 1619 769 1680 intermisisset
788 1622 949 1698 militesque
967 1622 1151 1680 hibernorruu

163 1719 260 1796 quiete
275 1719 397 1778 ,reficere
418 1735 436 1776 a
461 1718 547 1778 tantis
570 1716 716 1776 laboribus
740 1719 832 1790 vellet,
857 1720 1021 1796 oomplures
1046 1719 1195 1790 eodem15

164 1827 295 1892 tempore
335 1816 463 1876 ciuitates
501 1831 639 1876 renovare
681 1814 747 1875 belli
789 1817 910 1880 consilia
947 1817 1153 1879 nuntiabantur

163 1914 435 1990 coniurationesque
455 1912 558 1974 lacere.
591 1910 690 1996 ¹Cuius
708 1914 749 1973 rei
764 1914 922 1976 verisimilis
939 1933 1030 1974 causa
1051 1915 1152 1974 affere·

163 2014 255 2084 batur,
282 2011 363 2088 quod
392 2010 482 2074 Gallis
511 2010 647 2068 omnibus
681 2013 829 2086 cognitum
862 2022 939 2072 esset
970 2031 1064 2089 neque
1094 2012 1153 2072 ulla

163 2109 345 2168 multitudine
363 2109 396 2170 in
413 2125 508 2170 unum
528 2107 626 2165 locum
646 2118 748 2168 coacta
765 2109 862 2168 resisti
888 2127 977 2186 posse
998 2105 1151 2180 Romanis,

163 2226 229 2278 nec,
252 2207 278 2264 si
299 2207 410 2266 diversa
430 2205 506 2266 bella
527 2205 691 2280 complures
707 2205 818 2264 eodem
838 2215 969 2282 tempore
989 2207 1152 2268 intulissent
1167 2229 1197 2262 ιο

163 2306 299 2375 civitates,
325 2304 394 2364 satis
417 2303 513 2362 auxilii
544 2312 594 2360 aut
621 2304 705 2379 spatii
735 2313 784 2362 aut
810 2305 963 2382 copiarum
989 2305 1152 2366 habiturum

163 2404 321 2462 exercimm
340 2400 441 2478 populi
460 2400 588 2462 Romani
605 2401 643 2458 ad
656 2402 755 2460 omnia
773 2404 990 2478 persequenda;
1012 2421 1074 2462 non
1087 2421 1152 2462 esse

162 2511 261 2559 autem
280 2499 364 2557 alicui
385 2498 489 2558 ciuitati
506 2508 615 2556 sortem
634 2499 816 2558 incommodi
835 2500 1037 2571 recusandam,
1060 2501 1083 2560 si
1103 2501 1152 2560 tali

161 2617 246 2658 mora
259 2598 387 2673 reliquae
405 2604 527 2671 possent
544 2613 575 2654 se
594 2595 738 2656 vindicare
757 2597 787 2656 in
805 2597 972 2658 libertatern.
1014 2605 1044 2658 Ω.
1063 2598 1151 2672 Quae

161 2714 200 2754 ne
228 2696 327 2772 opinio
357 2693 507 2753 Gallorum
535 2693 760 2758 confirmaretur,
790 2693 897 2754 Caesar
925 2695 969 2758 M.
987 2695 1151 2758 Antonium
1166 2718 1195 2768 aa

161 2805 346 2872 quaestorem
370 2793 429 2852 suis
450 2790 586 2867 praefecit
606 2789 749 2864 hibernis;
774 2792 837 2868 ipse
858 2794 985 2870 equitum
1005 2795 1150 2870 praesidio

161 2894 253 2972 pridie
264 2891 333 2950 Kal.
344 2890 493 2950 Ianuarias
505 2889 542 2946 ab
552 2888 663 2963 oppido
674 2887 807 2948 Bibracte
817 2891 1006 2966 proficiscitur
1015 2892 1052 2950 ad
1060 2892 1152 2966 legio»

160 3009 229 3050 nem
249 3007 316 3060 xm,
338 3007 427 3065 quam
441 3005 502 3045 non
515 2986 603 3060 louge
617 3004 635 3043 a
652 2986 756 3045 finibus
775 2988 945 3048 Aeduorum
963 2989 1152 3048 collocaverat

158 3091 190 3147 in
201 3089 306 3146 finibus
316 3087 485 3162 Biturigum,
497 3083 581 3158 eique
592 3083 721 3160 adiungit
730 3085 876 3161 legionem
887 3102 926 3155 xr,
936 3104 1010 3162 quae
1020 3087 1152 3161 proxima

158 3186 259 3244 suerat.
294 3185 374 3243 Binis
388 3183 554 3242 cohortibus
570 3184 607 3243 ad
621 3183 829 3256 impedimenta
842 3183 950 3242 tuenda
964 3184 1070 3242 relictis
1088 3185 1151 3242 reli-
1163 3205 1196 3253 30

158 3303 250 3360 quum
257 3283 414 3342 exercitum
424 3283 456 3340 in
465 3282 684 3358 copiosissimos
695 3298 782 3356 agros
793 3279 954 3356 Biturigum
963 3281 1079 3352 inducit,
1091 3283 1149 3360 qui,

158 3399 226 3440 cum
240 3381 314 3439 latos
334 3380 406 3438 fines
420 3388 449 3438 et
468 3381 617 3456 complura
636 3378 744 3454 oppida
762 3379 908 3450 haberent,
923 3379 1008 3438 unius
1028 3380 1150 3455 legionis

157 3480 285 3540 hibernis
295 3497 356 3538 uon
366 3479 510 3557 potuerint
519 3479 666 3550 contineri,
677 3479 747 3554 quin
757 3477 864 3536 bellum
875 3486 1009 3556 pararent
1019 3478 1149 3538 coniura-
