2606 3934
121 188 259 261 32—35.
369 187 415 234 ou
436 187 546 234 narro
569 176 719 234 cantico
742 186 849 236 contu.
874 187 914 233 rr.
1068 189 1110 252 49

120 355 188 394 curn
202 337 261 395 iam
276 335 442 394 defenderet
457 353 554 404 nemo,
566 343 652 409 atque
667 333 839 390 intromissis
854 331 991 389 militibus
1007 330 1110 387 nostris

120 435 279 492 sectionem
301 433 362 491 eius
382 431 481 507 oppidi
501 431 664 489 universam
685 430 793 489 Caesar
812 429 948 487 vendidit.
990 427 1037 485 Ab
1057 427 1110 497 his,

121 531 329 607 quilemerant,
349 531 476 604 capitum
499 545 636 585 numerus
660 528 698 585 ad
720 545 787 584 eum
808 527 913 584 relatus
935 535 979 583 est
1001 525 1111 582 milium

121 629 329 705 quinquaginta
344 629 438 685 trium.

167 729 217 783 34.
248 721 362 779 Eodem
378 731 509 795 tempore
524 738 541 777 a
555 719 587 778 P.
605 719 721 792 Crasso,
739 742 826 799 quem
844 742 911 781 cum
927 723 1041 799 legione
1053 715 1136 790 una5

121 819 237 876 miserat
249 819 285 876 ad
296 819 435 888 Venetos
448 819 595 888 Venellos,
608 818 750 891 Osismos,
763 820 959 890 CuriosolitaS,
974 819 1108 888 Esubios

122 915 271 986 Aulercos,
288 915 437 986 Redones,
453 935 527 992 quae
543 926 610 974 sunt
623 917 793 976 maritumae
804 919 930 976 civitates
945 916 1110 977 Oceanum·

121 1031 179 1088 que
198 1015 350 1090 attingunt,
369 1014 472 1072 certior
487 1013 579 1071 lactus
599 1024 642 1071 est
662 1033 766 1072 omnes
788 1033 837 1073 eas
857 1016 983 1074 civitates
997 1016 1027 1073 in
1041 1016 1110 1074 dici·

122 1129 211 1168 onem
229 1121 460 1187 potestatemque
475 1111 576 1187 populi
591 1111 717 1168 Romani
733 1130 797 1170 esse
811 1113 948 1170 redactas

166 1208 215 1260 35.
240 1203 296 1262 His
307 1205 393 1263 rebus
404 1207 492 1280 gestis
507 1209 587 1265 omni
599 1207 694 1266 Gallia
708 1220 793 1284 pacta
803 1219 882 1266 tanta
896 1209 980 1268 huius
993 1211 1058 1268 belli
1073 1213 1110 1270 ad
1126 1231 1154 1263 10

122 1304 260 1360 barbaros
279 1302 378 1377 opinio
398 1301 508 1389 perlata
522 1310 574 1371 est,
589 1301 630 1358 uti
644 1303 681 1359 ab
695 1301 729 1359 iis
750 1304 922 1374 nationibus,
943 1324 1017 1381 quae
1031 1319 1109 1367 trans

122 1400 260 1458 Rhenum
278 1401 445 1470 incolerent,
466 1399 646 1457 mitterentur
664 1399 752 1475 legati
770 1402 808 1459 ad
827 1400 990 1476 Caesarem,
1010 1409 1059 1482 qui
1078 1427 1109 1467 se

122 1499 239 1557 obsides
254 1498 375 1568 daturas,
391 1498 533 1572 imperata
546 1497 670 1555 facturas
685 1498 892 1573 pollicerentur.
935 1500 1016 1572 Quas
1030 1505 1109 1581 lega-

121 1599 215 1656 tiones
231 1595 346 1667 Caesar,
362 1595 442 1671 quod
456 1595 486 1651 in
500 1593 614 1652 Italiam
628 1596 831 1672 Illyricumque
845 1603 1025 1674 properabat,
1041 1605 1109 1663 inita

121 1696 252 1771 proxima
266 1703 373 1752 aestate
383 1693 420 1750 ad
436 1710 466 1750 se
481 1692 582 1750 reverti
595 1692 683 1750 iussit.
719 1692 785 1770 lpse
800 1695 830 1752 in
844 1693 993 1771 Carnutes,
1007 1702 1108 1762 Andes
1124 1725 1151 1772 15

122 1794 323 1868 Turonesque,
345 1808 419 1865 quae
439 1789 566 1846 civitates
588 1789 769 1864 propinquae
790 1790 834 1850 his
856 1793 926 1853 locis
949 1808 1038 1870 erant,
1059 1803 1109 1860 ubi

119 1890 226 1947 bellum
241 1897 379 1964 gesserat,
393 1885 557 1961 legionibus
571 1885 601 1943 in
611 1885 797 1944 hibernacula
809 1889 938 1950 deductis
951 1893 981 1950 in
996 1893 1108 1956 Italiam

120 1987 266 2064 profectus
286 1995 345 2056 est;
370 1985 409 2042 ob
430 2001 536 2058 easque
555 2000 601 2041 res
622 2001 658 2040 ex
679 1983 778 2042 litteris
798 1985 928 2048 Caesaris
950 1991 1010 2050 dies
1025 1995 1107 2069 quin·

120 2085 216 2146 decim
238 2082 406 2159 supplicatio
428 2081 542 2139 decreta
564 2088 615 2152 est,
638 2081 718 2156 quod
735 2090 801 2140 ante
819 2083 848 2140 id
870 2093 983 2164 tempus
1005 2093 1109 2153 accidit

118 2184 197 2244 nulli.
