2634 3914
154 222 213 292 '126
477 237 507 287 e.
530 237 623 286 marr
643 225 815 287 orasrnrs
1097 239 1141 292 vr.
1228 240 1230 244 ·

151 391 237 448 alces.
281 395 330 450 27.
352 387 467 447 Harum
492 399 536 448 est
560 389 718 448 consimilis
743 391 836 467 capris
856 391 948 466 figura
969 398 998 449 et
1022 391 1142 450 varietas

151 487 276 564 pellium,
296 487 348 546 sed
366 487 564 563 magnitudine
584 489 671 562 paulo
690 491 865 548 antecedunt
883 489 1057 565 mutilaeque
1077 499 1143 547 sunt

151 587 287 645 cornibus
318 596 347 644 et
374 603 456 643 emra
486 586 548 644 sine
579 586 664 644 nodis
692 587 873 664 articulisque
904 587 1019 658 habent,
1047 605 1142 664 neque
1199 643 1203 654 ,

152 685 255 761 quietis
287 701 375 742 eausa
405 683 607 758 procumbunt,
638 702 742 760 neque,
772 685 795 742 si
829 703 889 762 quo
919 685 1041 742 afflictae
1072 702 1142 742 casu

123 781 348 852 sconcidenint,
370 781 479 856 erigere
499 799 562 840 sese
584 790 633 838 aut
654 783 800 842 sublevare
820 789 951 858 possunt.
994 781 1051 840 His
1076 790 1142 839 sunt

152 883 268 938 arbores
282 897 335 956 pro
350 879 507 938 cubilibus:
529 879 567 936 ad
581 897 630 937 eas
645 898 676 938 se
695 881 840 957 applicant
859 890 944 957 atque
965 880 1005 938 ita
1023 880 1142 956 paulum

152 977 243 1036 modo
273 978 425 1035 reclinatae
457 978 584 1053 quietem
615 979 740 1054 capiunt.
783 978 914 1050 Quarum
945 996 981 1036 ex
1015 977 1141 1052 vestigiis

153 1094 220 1134 curn
251 1085 295 1134 est
328 1075 559 1133 animadversum
588 1094 606 1133 a
636 1077 826 1146 venatoribus,
859 1094 918 1153 quo
949 1095 981 1136 se
1015 1076 1142 1151 recipere

153 1175 325 1245 consuerint,
349 1192 453 1231 omnes
476 1191 513 1232 eo
537 1174 603 1232 loco
628 1184 676 1232 aut
700 1175 737 1232 ab
761 1175 904 1232 radicibus
928 1175 1069 1232 subruunt
1093 1182 1142 1230 aut

108 1281 139 1328 to
152 1272 285 1330 accidunt
304 1273 429 1338 arbores
445 1281 556 1328 tantum
575 1281 607 1328 ut
626 1290 738 1330 summa
756 1273 868 1348 species
886 1291 986 1330 earum
1006 1271 1140 1329 stantium

152 1371 333 1445 relinquatur.
376 1368 445 1427 Huc
471 1387 537 1426 cum
566 1387 596 1427 se
621 1370 829 1427 consuetudine
856 1370 1072 1438 reclinaverunt,
1097 1368 1141 1424 in·

152 1470 249 1526 firmas
263 1470 380 1526 arbores
394 1467 523 1544 pondere
544 1467 673 1542 affligunt
691 1478 777 1543 atque
798 1486 856 1525 una
876 1468 955 1543 ipsae
975 1466 1138 1525 concidunt

153 1573 204 1625 28.
228 1567 359 1626 Tertium
387 1576 431 1624 est
458 1583 552 1640 genus
580 1583 689 1636 eorum,
719 1566 768 1641 qui
797 1566 841 1623 uri
869 1565 1055 1642 appellantur.
1098 1562 1141 1620 Hi

153 1674 220 1723 sunt
242 1663 441 1739 magnitudine
465 1663 551 1738 paulo
575 1662 649 1720 infra
672 1663 849 1739 elephantos,
871 1663 967 1739 specie
991 1672 1020 1720 et
1044 1662 1141 1720 colore

109 1780 138 1828 15
153 1773 182 1820 et
202 1763 294 1838 figura
317 1763 397 1820 tauri.
439 1759 550 1836 Magna
573 1761 615 1818 vis
636 1779 736 1818 eorum
758 1771 802 1819 est
821 1771 850 1818 et
869 1779 977 1836 magna
996 1760 1141 1829 velocitas,

153 1878 249 1937 neque
276 1859 388 1918 homini
415 1877 511 1934 neque
538 1857 624 1929 ferae,
649 1876 736 1934 quam
765 1869 984 1934 conspexenrnt,
1009 1867 1140 1934 parcunt.

153 1957 219 2016 Hos
235 1958 363 2016 studiose
378 1956 468 2014 foveis
483 1965 583 2032 captos
597 1956 787 2027 interficiunt;
809 1955 866 2014 hoc
880 1975 911 2014 se
924 1956 1023 2014 labore
1038 1956 1142 2018 durant

153 2056 351 2114 adulescentes
375 2065 461 2131 atque
483 2054 540 2113 hoc
561 2073 666 2130 genere
690 2055 849 2113 venationis
874 2064 1016 2125 exercent,
1039 2064 1067 2113 et
1091 2055 1141 2131 qui

152 2155 290 2230 plurimos
311 2173 347 2212 ex
368 2153 412 2211 his
432 2152 640 2223 interfecerunt,
662 2153 757 2216 relatis
777 2154 807 2210 in
828 2153 975 2229 publicum
995 2153 1140 2222 cornibus,

107 2283 139 2317 20
153 2270 226 2328 quae
251 2253 308 2310 sint
331 2251 505 2320 testimonio,
529 2269 667 2326 magnam
690 2250 784 2308 semnt
808 2251 931 2309 laudem.
975 2250 1033 2309 Sed
1060 2269 1142 2309 assu·

152 2368 250 2408 escere
270 2350 307 2408 ad
326 2349 458 2406 homines
478 2358 507 2406 et
524 2349 709 2406 mansuefieri
722 2367 759 2406 ne
773 2349 881 2424 parvuli
895 2349 1013 2424 quidem
1027 2349 1141 2423 excepti

152 2455 283 2524 possunt.
326 2446 495 2522 Amplitudo
517 2463 657 2503 cornuum
678 2456 706 2503 et
726 2446 818 2521 figura
838 2455 867 2504 et
887 2447 998 2522 species
1018 2445 1141 2503 multum

152 2563 170 2602 a
194 2554 359 2603 nostrorum
386 2544 477 2601 boum
502 2544 637 2602 cornibus
662 2542 763 2600 differt.
806 2542 890 2601 Haec
919 2543 1046 2602 studiose
1071 2560 1143 2600 con·

153 2643 257 2719 quisita
273 2643 310 2699 ab
327 2642 413 2698 labris
430 2650 550 2716 argento
565 2641 794 2699 circumcludunt
810 2650 896 2717 atque
913 2641 943 2699 in
957 2641 1141 2718 amplissimis

108 2767 138 2818 ²5
153 2741 245 2818 epulis
260 2759 313 2817 pro
327 2739 439 2815 poculis
453 2748 577 2798 utuntur.

194 2845 247 2898 29.
270 2837 385 2907 Caesar,
410 2847 566 2912 postquam
590 2853 642 2912 per
665 2835 758 2895 Ubios
783 2837 976 2912 exploratores
1001 2839 1143 2913 comperit

155 2937 268 2996 Suebos
293 2954 356 2994 sese
380 2936 410 2992 in
435 2935 519 2992 silvas
543 2934 693 3008 recepisse,
718 2935 847 3010 inopiam
871 2935 1004 2993 frumenti
1027 2937 1141 3006 veritus,

153 3036 241 3113 quod,
267 3045 299 3092 ut
326 3050 413 3108 supra
440 3032 707 3102 demonstravimus,
730 3033 850 3090 minime
874 3051 977 3092 omnes
1002 3032 1141 3092 Germani

152 3132 340 3208 agriculturae
365 3130 488 3200 student,
515 3129 661 3187 constituit
685 3147 746 3188 non
771 3131 905 3206 progredi
930 3132 1061 3208 longius;
1090 3133 1142 3191 sed

108 3261 140 3310 30
153 3249 191 3289 ne
216 3230 336 3289 omnino
365 3238 475 3286 metum
502 3227 610 3284 reditus
637 3227 682 3285 sui
709 3229 836 3286 barbaris
860 3229 970 3287 tolleret
996 3240 1083 3305 atque
1109 3239 1144 3288 ut

154 3345 255 3386 eorum
283 3327 388 3384 auxilia
414 3325 546 3394 tardaret,
575 3325 693 3384 reducto
720 3328 846 3385 exercitu
873 3336 985 3404 partem
1011 3327 1142 3386 ultimam

154 3426 261 3502 pontis,
286 3443 360 3500 quae
385 3424 462 3498 ripas
484 3421 626 3480 Ubiorum
651 3425 848 3501 contingebat,
873 3427 904 3483 in
931 3427 1142 3502 longitudinem

155 3522 263 3600 pedum
281 3522 472 3582 ducentorum
488 3522 632 3594 rescindit,
647 3533 733 3602 atque
750 3525 781 3582 in
795 3533 924 3583 extremo
938 3534 1028 3604 ponte
1042 3525 1142 3586 turrim
