2634 3914
195 188 255 250 160
514 208 542 257 o.
565 209 659 256 rurrr
680 208 853 259 cnasrnrs
1124 215 1179 262 vn.

192 347 303 408 Forum
326 363 357 412 ut
380 355 501 431 quisque
525 359 636 434 primus
660 370 785 432 venerat,
814 362 868 419 sub
895 377 978 418 muro
1006 359 1181 418 consistebat

194 467 371 529 suorumque
392 456 585 531 pugnantium
606 477 759 518 numerum
780 460 910 534 augebat.
955 456 1089 528 Quorum
1115 475 1180 514 cum

193 565 301 624 magna
325 553 478 612 multitudo
501 573 536 612 eo
557 556 711 626 venissent,
733 539 973 625 matresfamiliae,
995 573 1069 632 quae
1094 554 1180 630 paulo

192 655 258 705 ante
281 647 423 711 Romanis
442 653 478 711 de
498 671 581 711 muro
601 668 705 716 manus
724 654 889 724 tendebant,
908 670 977 716 suos
996 653 1132 710 obtestari
1153 663 1181 710 et

163 760 272 810 smore
308 746 420 808 Gallico
454 769 572 827 passum
606 752 740 828 capillum
775 761 919 812 ostentare
954 750 1116 826 liberosque
1151 750 1180 807 in

191 856 380 920 conspectum
408 849 536 924 proferre
562 859 729 924 coeperunt.
770 848 841 908 Erat
865 848 1009 908 Romanis
1033 867 1088 906 nec
1113 847 1178 906 loco

190 959 245 1000 nec
273 961 395 1004 numero
423 965 516 1024 aequa
540 948 704 1010 contentio:
741 948 825 1005 simul
853 956 882 1004 et
910 964 994 1004 cursu
1027 954 1056 1004 et
1087 947 1180 1020 spatio

190 1057 305 1115 pugnae
328 1041 474 1118 defatigati
494 1063 554 1103 non
571 1045 653 1102 facile
674 1053 805 1102 recentes
825 1054 910 1119 atque
928 1043 1055 1120 integros
1077 1043 1179 1100 sustin-

190 1138 286 1197 eba‘nt.
328 1145 380 1198 49.
405 1140 513 1200 Caesar
537 1161 603 1200 curn
624 1142 728 1219 iniquo
752 1142 819 1200 loco
844 1141 968 1218 pugnari
995 1141 1179 1216 hostiumque

147 1249 176 1285 10
189 1235 286 1311 augeri
314 1239 413 1314 copias
446 1240 575 1309 videret,¹
594 1251 798 1315 praemetuens
829 1241 888 1298 suis
923 1239 960 1297 ad
996 1237 1031 1296 T.
1049 1238 1179 1296 Sextium

187 1333 322 1409 legatum,
343 1355 431 1411 quern
450 1338 610 1396 minoribus
628 1339 727 1397 castris
747 1337 891 1414 praesidio
911 1337 1072 1412 reliquerat,
1092 1336 1177 1404 misit,

186 1442 218 1490 ut
237 1433 372 1492 cohortes
393 1453 429 1492 ex
449 1436 548 1494 castris
566 1437 693 1495 celeriter
712 1437 847 1496 educeret
866 1445 895 1494 et
913 1435 967 1494 sub
987 1435 1088 1492 infimo
1106 1434 1178 1492 colle

187 1532 224 1588 ab
250 1532 352 1591 dextro
374 1533 462 1591 latere
487 1534 615 1593 hostiurn
640 1531 834 1605 constitueret,
860 1544 900 1605 ut,
925 1534 949 1592 si
970 1542 1086 1590 nostros
1110 1531 1177 1590 loco

187 1631 324 1706 depulsos
352 1633 477 1702 vidisset,
507 1652 566 1708 quo
594 1635 690 1691 minus
715 1634 803 1692 libere
825 1633 925 1692 hostes
950 1632 1177 1706 insequerentur,

144 1743 172 1793 15
187 1737 311 1786 terreret.
354 1729 421 1804 lpse
443 1731 561 1806 paulum
579 1750 614 1789 err
634 1749 670 1789 eo
689 1731 755 1788 loeo
774 1749 841 1788 cum
862 1730 978 1806 legione
997 1747 1176 1805 progressus

186 1827 236 1883 ubi
264 1827 438 1898 constiterat,
472 1838 605 1886 eventum
638 1847 754 1905 pugnae
787 1829 981 1906 exspectabat.
1024 1833 1077 1886 50.
1100 1826 1177 1885 Cum

186 1925 324 1982 acerrime
352 1926 516 1984 comminus
543 1935 727 2002 pugnaretur,
755 1925 854 1984 hostes
885 1926 951 1984 loco
986 1933 1014 1984 et
1044 1943 1176 1995 numeru,

186 2024 276 2082 nostri
297 2026 398 2083 virtute
419 2025 608 2095 confiderent,
631 2027 725 2084 subito
748 2035 814 2084 sunt
835 2025 929 2084 Aedui
951 2025 1003 2082 visi
1025 2025 1061 2082 ab
1086 2023 1176 2083 latere

186 2122 291 2179 nostris
317 2131 425 2196 aperto,
447 2141 522 2197 quos
548 2121 656 2180 Caesar
680 2124 717 2180 ab
742 2123 842 2180 derrtra
867 2131 948 2197 parte
971 2122 1027 2180 alio
1053 2141 1177 2181 ascensu

142 2244 172 2279 20
185 2237 289 2277 manus
304 2219 484 2277 distinendae
499 2239 587 2278 causa
601 2221 725 2279 miserat.
770 2219 812 2276 Hi
827 2219 1011 2282 similitudine
1027 2237 1176 2278 armorum

184 2317 368 2376 vehementer
383 2329 498 2376 nostros
512 2327 734 2394 perterruerunt,
749 2337 783 2376 ac
798 2318 911 2376 tametsi
927 2318 1033 2376 dextris
1046 2317 1175 2376 humeris

185 2417 304 2474 exsertis
336 2416 643 2485 animadvertebantur,
679 2415 759 2490 quod
793 2416 906 2491 insigne
942 2425 1077 2490 pacatum
1109 2435 1175 2474 esse

138 2519 139 2522 ’
185 2524 347 2586 consuerat,
375 2523 473 2572 tamen
501 2514 530 2572 id
561 2515 656 2590 ipsum
686 2514 729 2572 sui
754 2512 870 2573 fallendi
896 2533 985 2572 causa
1008 2514 1111 2572 milites
1136 2517 1175 2574 ab

184 2613 316 2672 hostibus
341 2611 448 2671 sactum
473 2613 684 2672 existimabant.
727 2611 842 2671 Eodem
867 2623 998 2687 tempore
1023 2613 1055 2670 L.
1067 2613 1174 2672 Fabius
1228 2663 1236 2681 ,
1304 2625 1305 2676 1

141 2734 169 2784 ²5
184 2713 314 2770 centurio
334 2713 440 2787 quique
459 2730 517 2769 una
536 2730 651 2770 murum
671 2710 862 2769 ascenderant
881 2711 1067 2770 circumventi
1087 2721 1174 2787 atque

183 2809 326 2868 interfecti
359 2828 443 2868 muro
471 2810 741 2886 praecipitabantur.
785 2808 829 2866 M.
850 2809 1011 2879 Petronius
1040 2810 1174 2868 eiusdem

182 2907 305 2984 legionis
333 2909 471 2978 centurio,
500 2926 567 2965 cum
597 2917 694 2983 portas
723 2907 855 2964 excidere
888 2916 1010 2965 conatus
1042 2899 1126 2978 esset,
1156 2927 1176 2966 a

183 3006 364 3064 multitudine
384 3023 540 3082 oppressus
560 3023 594 3062 ac
611 3005 666 3062 sibi
681 3005 838 3080 desperans
859 3004 956 3062 multis
978 3005 1036 3062 iarn
1050 3005 1174 3063 vulneri-

182 3105 237 3162 bus
265 3104 390 3179 acceptis
419 3103 645 3178 manipularibus
674 3103 742 3171 suis,
771 3101 820 3177 qui
847 3102 927 3162 illum
956 3103 1046 3160 secuti
1071 3112 1173 3160 erant:

138 3225 169 3273 50
184 3201 367 3273 ‘Quoniam'
385 3201 486 3276 inquit,
508 3205 572 3258 ‘me
591 3219 649 3258 una
667 3201 817 3258 vobiscum
837 3219 947 3260 servare
965 3219 1026 3258 non
1040 3219 1173 3276 possum,

183 3310 293 3357 vestrae
326 3300 443 3374 quidem
477 3309 553 3356 certe
581 3299 654 3355 vitae
690 3299 872 3374 prospiciam,
907 3317 981 3374 quos
1016 3299 1173 3374 cupiditate

184 3399 292 3473 gloriae
313 3397 454 3455 adductus
475 3398 505 3454 in
526 3396 685 3472 periculum
706 3396 820 3454 deduxi.
862 3396 925 3456 Vos
948 3397 1015 3454 data
1035 3395 1174 3454 facultate

184 3496 265 3553 vobis
284 3495 441 3553 consulite!
486 3494 576 3552 Simul
593 3495 622 3552 in
642 3495 754 3554 medios
767 3495 865 3554 hostes
885 3496 984 3570 irrupit
999 3494 1174 3570 duobusque
