2634 3914
183 206 243 273 134
396 201 443 251 ΒΕ
463 202 573 250 BELLO
597 201 744 250 &Arctoo
767 201 876 252 ooMM.
903 203 949 254 Vr.

179 369 275 410 rerum
299 349 425 412 maxime
450 349 653 410 admirandum
672 349 828 422 videbatur,
849 351 929 429 quod
951 350 1098 425 Germani,
1121 357 1169 433 qui

180 466 217 506 eo
238 449 359 508 consilio
374 448 511 507 Rhenum
531 449 709 519 transierant,
724 459 756 508 ut
768 441 945 525 Ambiorigis
965 450 1038 510 fines
1060 453 1169 528 depop-

179 545 334 618 ularentur,
375 547 413 606 ad
455 557 548 606 castra
587 545 790 606 Romanorum
831 545 917 608 delati
956 549 1169 624 optatissimum

179 643 341 721 Ambiorigi
355 644 529 704 beneficium
542 643 714 703 obtulerunt

151 774 164 820 5
219 755 271 808 43.
293 749 403 810 Caesar
426 767 523 810 rursus
543 750 581 808 ad
605 750 754 808 vexandos
774 749 871 810 hostes
895 750 1041 828 proiectus
1061 771 1169 828 magno

179 857 283 906 coacto
314 867 436 908 numero
468 867 505 908 ex
532 849 660 908 finitimis
686 849 846 907 civitatibus
877 849 908 907 in
938 867 1042 910 omnes
1073 862 1169 927 partes

180 947 304 1006 dimittit.
346 948 458 1008 Omnes
482 949 537 1008 vici
561 959 646 1026 atque
668 947 767 1007 omnia
790 947 927 1021 aedificia,
949 967 1023 1027 quae
1048 951 1169 1027 quisque

179 1057 377 1121 conspexerat,
397 1047 643 1118 incendebantur;
668 1047 776 1122 praeda
796 1065 833 1108 ex
853 1049 989 1107 omnibus
1008 1049 1080 1108 locis
1101 1067 1169 1126 age-

179 1144 279 1216 batur;
302 1144 446 1205 frumenta
464 1163 525 1204 non
544 1146 639 1204 solum
656 1153 767 1204 atanta
780 1144 961 1203 multitudine
976 1145 1169 1205 iumentorum

135 1263 165 1300 ιο
179 1252 265 1319 atque
292 1243 444 1302 hominum
473 1244 726 1312 consumebantur,
750 1242 802 1300 sed
829 1242 916 1300 etiam
943 1244 1012 1301 anni
1039 1253 1169 1321 ternpore

178 1350 264 1416 atque
283 1342 423 1401 imbribus
444 1342 666 1418 procubuerant,
685 1350 724 1410 ut,
744 1339 834 1416 siqui
853 1340 941 1397 etiam
959 1341 989 1398 ln
1008 1343 1170 1417 praesentia

179 1457 210 1496 se
225 1439 427 1510 occultassent,
447 1449 545 1498 tamen
565 1439 610 1497 his
631 1438 756 1496 deducto
777 1438 905 1495 exercitu
924 1455 1019 1496 rerum
1037 1441 1169 1499 omnium

178 1537 278 1611 inopia
311 1536 491 1612 pereundum
524 1536 674 1594 videretur.
716 1534 761 1592 Ac
792 1551 879 1610 saepe
909 1535 939 1592 in
969 1553 1038 1594 eum
1071 1537 1168 1596 locum

178 1647 296 1692 ventum
316 1643 360 1692 est
381 1643 461 1692 tanto
482 1635 513 1692 iu
532 1633 627 1692 omnis
648 1632 736 1708 partis
758 1631 849 1690 diviso
870 1632 1006 1708 equitatu,
1025 1643 1057 1693 ut
1076 1636 1167 1694 modo

80 1783 84 1790 .
135 1751 163 1800 15
178 1730 270 1787 visum
295 1731 332 1788 ab
356 1749 388 1790 se
412 1731 613 1806 Ambiorigem
640 1730 670 1787 in
694 1729 764 1805 suga
787 1730 1039 1806 circumspicerent
1063 1733 1167 1807 captivi

177 1845 233 1885 nec
254 1827 339 1903 plane
360 1829 446 1887 etiam
468 1829 561 1887 abisse
582 1846 619 1886 ex
640 1836 801 1904 conspectu
822 1828 1037 1902 contenderent,
1058 1840 1090 1888 ut
1115 1847 1167 1906 spe

178 1905 376 2000 consequendi
404 1925 480 1984 illata
508 1936 594 2003 atque
622 1925 735 1983 infinito
762 1925 860 1983 labore
888 1935 1032 2003 suscept0,
1057 1927 1107 2004 qui
1135 1946 1167 1986 se

177 2040 322 2080 summam
356 2024 393 2081 ab
428 2022 553 2082 Caesare
587 2024 709 2099 gratiam
743 2023 863 2082 inituros
897 2033 1038 2099 putarent,
1072 2043 1167 2100 paene

176 2130 308 2178 naturam
331 2122 425 2180 studio
445 2122 599 2191 vincerent,
627 2138 798 2196 semperque
824 2121 941 2196 paulum
960 2122 998 2180 ad
1023 2140 1166 2181 summam

134 2240 164 2275 ιο
177 2217 342 2278 felicitatem
363 2218 489 2278 defuisse
509 2219 659 2288 videretur,
675 2227 761 2293 atque
782 2218 828 2276 ille
846 2218 962 2278 latebris
981 2229 1030 2278 aut
1048 2220 1166 2280 saltibus

178 2335 209 2374 se
241 2318 362 2393 eriperet
389 2327 419 2376 et
446 2325 536 2375 noctu
563 2315 724 2374 occultatus
751 2315 821 2374 alias
848 2316 981 2391 regiones
1010 2327 1165 2394 partesque

176 2423 284 2489 peteret
301 2433 363 2473 non
376 2415 484 2473 maiore
499 2414 628 2490 equitum
641 2413 786 2488 praesidio
801 2431 888 2490 quam
907 2424 1042 2492 quattuor
1060 2417 1166 2492 quibus

176 2512 244 2572 solis
259 2513 345 2570 vitam
361 2531 442 2571 suam
457 2511 635 2570 committere
649 2511 782 2569 audebat.

216 2615 268 2667 44.
311 2610 376 2670 Tali
407 2611 497 2669 modo
528 2610 643 2668 vastatis
674 2609 841 2684 regionibus
872 2611 1029 2669 exercitum
1057 2610 1167 2671 Caesar

132 2727 160 2778 ²5
176 2707 297 2765 duarum
312 2708 475 2767 cohortium
493 2707 601 2766 damno
618 2705 848 2764 Durocortorum
866 2706 1026 2766 Remorum
1045 2710 1164 2781 reducit,

175 2806 356 2882 concilioque
380 2807 411 2864 in
432 2824 499 2864 eum
523 2805 620 2864 locum
641 2803 752 2862 Galliae
776 2805 884 2863 indicto
910 2805 946 2864 de
967 2807 1165 2867 coniuratione

177 2903 325 2963 Senonum
346 2914 375 2964 et
396 2905 556 2965 Carnutum
576 2905 775 2979 quaestionem
799 2903 905 2961 habere
928 2904 1055 2976 instituit,
1077 2916 1106 2964 et
1127 2907 1164 2965 de

174 3005 304 3075 Accone,
323 3005 371 3080 qui
390 3004 525 3080 princeps
544 3001 606 3060 eius
626 3001 735 3060 consilii
754 3000 853 3072 luerat,
873 3003 1002 3078 graviore
1022 3005 1165 3062 sententia

173 3101 357 3176 pronuntiata
381 3119 462 3160 more
485 3101 628 3158 maiorum
656 3099 828 3174 supplicium
852 3100 982 3175 sumpsit.
1024 3098 1165 3159 Nonnulli

130 3215 161 3264 30
174 3197 311 3256 iudicium
338 3199 417 3256 veriti
440 3197 637 3274 profugerunt.
680 3196 793 3268 Quibus
814 3214 881 3254 cum
901 3215 977 3274 aqua
997 3206 1084 3274 atque
1103 3199 1164 3274 igni

174 3296 373 3367 interdixisset,
400 3297 471 3355 duas
499 3295 629 3370 legiones
657 3294 695 3352 ad
722 3295 794 3354 fines
816 3295 1017 3367 Treverorum,
1040 3296 1112 3355 duas
1132 3297 1164 3354 in

174 3392 364 3467 Lingonibus,
387 3411 438 3451 sex
462 3392 587 3468 reliquas
610 3392 641 3448 in
667 3391 816 3450 Senonum
837 3393 941 3452 finibus
965 3393 1109 3469 Agedinci
1130 3377 1164 3450 in

173 3490 299 3548 hibernis
320 3489 469 3548 collocavit
489 3489 691 3566 frumentoque
712 3491 847 3549 exercitui
871 3467 996 3568 proximo,
1017 3502 1049 3550 ut
1070 3492 1163 3552 instit-

173 3595 262 3658 uerat,
277 3586 308 3642 in
322 3585 434 3645 Italiam
449 3585 487 3645 ad
500 3596 659 3646 conventus
673 3590 803 3665 agendos
817 3589 961 3666 proiectus
975 3597 1027 3648 est.
