2606 3934
188 213 227 278 14
510 213 539 264 c.
562 213 656 262 rurrr
678 212 848 263 cassania
1147 217 1168 264 1.

184 361 324 419 menteris
342 361 493 422 intercludi
516 381 603 440 posse
630 365 817 436 confiderent,
839 373 1018 425 commutato
1047 364 1169 426 consilio

185 467 272 534 atque
290 459 389 520 itinere
414 479 555 520 converso
577 471 692 521 nostros
712 481 730 520 a
748 463 906 522 novissimo
923 464 1039 540 agmine
1058 463 1170 538 insequi

186 571 220 614 ac
240 556 381 617 lacessere
395 567 560 635 coeperunt.
602 566 654 619 24.
683 559 841 636 Postquam
854 561 885 619 id
899 563 1028 619 animum
1042 559 1170 630 advertit,

185 655 284 730 copias
307 673 374 716 suas
403 655 511 717 Caesar
531 658 562 715 in
582 659 747 735 proximum
768 659 872 717 collem
900 659 1033 718 subducit
1060 658 1170 734 equita-

158 760 312 830 5tumqne,
348 755 397 830 qui
432 756 583 814 sustineret
618 755 745 814 hostiurn
780 757 930 834 impetum,
963 757 1048 816 misit.
1103 757 1172 831 lpse

184 850 299 909 interim
320 853 351 910 in
375 853 448 911 colle
468 854 564 912 medio
585 854 726 930 triplicem
746 854 840 912 aciem
866 855 997 915 instruxit
1023 855 1171 930 legionum

185 959 320 1024 quattuor
339 961 545 1022 veteranarum,
562 964 647 1027 atque
667 969 754 1029 supra
772 970 803 1010 se
824 952 855 1010 in
876 969 991 1012 summo
1012 953 1081 1029 iugo
1099 950 1171 1009 duas

184 1045 322 1122 legiones,
351 1065 423 1123 quas
454 1047 485 1106 in
512 1047 606 1108 Gallia
633 1049 763 1108 citeriore
791 1051 923 1125 proxime
951 1051 1169 1125 conscripserat,

185 1153 215 1202 et
241 1146 340 1204 omnia
367 1146 471 1204 auxilia
498 1147 648 1206 collocavit
668 1163 703 1206 ac
731 1157 825 1206 totum
845 1158 977 1207 montem
1004 1147 1171 1206 hominibus

143 1257 174 1294 ιο
185 1243 355 1320 complevit;
377 1245 485 1303 interea
504 1246 631 1304 sarcinas
652 1246 683 1303 in
702 1263 794 1303 unum
812 1245 909 1305 locum
923 1245 1046 1306 conferri
1061 1255 1089 1305 et
1103 1263 1171 1304 eum

185 1343 222 1400 ab
248 1341 302 1413 his,
331 1343 380 1419 qui
407 1343 437 1400 in
465 1343 611 1418 superiore
640 1343 702 1402 acie
730 1345 924 1424 constiterant,
949 1343 1054 1401 muniri
1080 1343 1170 1401 iussit.

186 1439 311 1498 Helvetii
338 1458 406 1499 cum
433 1442 569 1499 omnibus
591 1442 650 1500 suis
678 1442 765 1500 carris
793 1442 884 1500 secuti
911 1439 1117 1517 impedimenta
1140 1440 1171 1497 in

184 1557 276 1597 unum
300 1540 397 1598 locum
425 1540 624 1611 contulerunt;
653 1540 707 1616 ipsi
735 1540 947 1600 confertissima
974 1540 1036 1598 acie
1062 1539 1171 1597 reiecto

186 1646 285 1696 nostro
304 1638 432 1714 equitatu
449 1637 592 1714 phalange
610 1638 685 1696 facta
704 1639 757 1696 sub
777 1640 901 1716 primam
925 1647 1055 1697 nostram
1078 1637 1170 1696 aciem

143 1758 172 1810 15
187 1745 394 1793 successerunt.
436 1741 488 1794 25.
517 1735 623 1794 Caesar
641 1737 765 1813 primum
785 1755 849 1808 suo,
864 1735 970 1794 deinde
986 1735 1117 1793 omnium
1134 1752 1171 1792 ex

187 1842 346 1908 conspectu
364 1835 481 1893 remotis
500 1835 590 1909 equis
604 1844 635 1891 ut
654 1844 776 1910 aequato
799 1835 931 1893 omnium
945 1833 1073 1908 periculo
1088 1850 1171 1921 spem

186 1929 272 2004 fugae
291 1931 411 2002 tolleret,
432 1930 598 1989 cohortatus
618 1949 687 1989 suos
706 1933 848 2006 proelium
871 1931 1022 1991 commisit.
1064 1930 1171 1988 Milites

186 2044 203 2085 e
229 2028 296 2086 loco
324 2028 471 2104 superiore
502 2029 568 2104 pilis
599 2027 694 2086 missis
725 2029 807 2088 facile
837 2028 964 2087 hostium
995 2029 1171 2105 phalangem

186 2125 388 2202 perfregerunt
432 2125 476 2184 Ea
497 2127 614 2185 disiecta
635 2126 737 2201 gladiis
755 2127 896 2186 destrictis
916 2127 946 2184 in
965 2145 1016 2186 eos
1030 2128 1171 2202 impetum

143 2241 173 2278 ιο
186 2223 321 2282 lecerunt.
377 2222 467 2282 Gallis
497 2243 607 2301 magno
641 2226 680 2283 ad
706 2243 835 2301 pugnarn
864 2233 925 2282 erat
951 2224 1169 2301 impediment0,

185 2321 265 2398 quod
285 2321 413 2398 pluribus
434 2339 535 2380 eorum
556 2325 643 2382 scutis
663 2341 723 2380 uno
744 2323 802 2380 ictu
828 2323 952 2398 pilorum
972 2323 1115 2381 transfixis
1143 2331 1172 2381 et

186 2421 336 2495 colligatis,
354 2436 421 2478 cum
446 2419 553 2479 sermm
576 2439 607 2479 se
627 2421 792 2490 inflexisset,
813 2437 908 2496 neque
928 2421 1050 2480 evellere
1075 2437 1171 2497 neque

186 2518 299 2577 sinistra
326 2519 465 2594 impedita
493 2520 561 2577 satis
589 2519 745 2578 commode
767 2536 896 2595 pugnare
924 2529 1066 2594 poterant,
1088 2521 1171 2578 multi

187 2626 218 2674 ut
237 2617 287 2676 diu
307 2617 412 2676 iactato
433 2617 551 2675 brachio
571 2626 775 2693 praeoptarent
796 2625 910 2676 scutum
931 2635 1021 2675 manu
1040 2619 1171 2676 emittere

143 2740 172 2791 ²5
187 2723 215 2774 et
241 2715 323 2773 nudo
350 2729 472 2790 corpore
498 2733 636 2790 pugnare.
678 2715 812 2773 Tandem
832 2715 995 2773 vulneribus
1016 2714 1121 2774 defessi
1141 2725 1172 2773 et

186 2813 292 2888 pedem
305 2812 409 2870 referre
422 2821 459 2883 et,
474 2813 554 2888 quod
568 2831 654 2872 mons
673 2814 786 2871 suberat
807 2813 917 2872 circiter
930 2813 1006 2871 mille
1020 2831 1170 2889 passuum,

186 2929 223 2970 eo
245 2929 277 2970 se
299 2912 425 2987 recipcre
447 2921 611 2987 coeperunt.
654 2910 748 2986 Capto
770 2922 870 2969 monte
891 2919 921 2969 et
947 2911 1170 2971 succedentibus

186 3009 292 3069 nostris
313 3009 378 3068 Boii
398 3019 427 3068 et
447 3009 573 3086 Tulingi,
595 3011 644 3087 qui
671 3009 823 3067 hominum
849 3009 964 3069 milibus
991 3009 1101 3068 circiter
1127 3025 1171 3067 xv

186 3127 293 3185 agmen
320 3106 446 3166 hostium
470 3108 643 3166 claudebant
663 3117 692 3166 et
718 3107 880 3166 novissimis
907 3106 1051 3182 praecido
1077 3115 1169 3179 erant,

143 3233 175 3283 30
188 3227 224 3266 ex
250 3207 351 3265 itinere
371 3215 486 3264 nostros
506 3206 593 3264 latere
614 3216 714 3282 aperto
743 3205 872 3281 aggressi
900 3205 1113 3276 circumvenire,
1139 3215 1170 3263 et

186 3305 217 3365 id
244 3304 402 3381 conspicati
432 3303 564 3375 Helvetii,
593 3305 641 3380 qui
673 3305 704 3361 in
734 3312 864 3361 montem
897 3319 960 3360 sese
990 3313 1169 3379 receperant,

187 3411 284 3461 rursus
303 3403 405 3461 instare
422 3413 451 3461 et
469 3403 611 3480 proelium
625 3402 818 3477 redintegrare
832 3411 996 3477 coeperunt.
1039 3401 1170 3460 Romani

187 3517 324 3561 conversa
340 3502 423 3579 signa
440 3501 575 3580 bipartito
592 3499 762 3558 intulerunt:
782 3501 874 3575 prima
892 3517 925 3558 ac
940 3500 1069 3559 secunda
1082 3501 1169 3570 acies,
