2606 3934
18 3589 36 3624 Ι

193 231 232 293 16
513 243 543 293 c.
566 244 662 291 rurrr
682 243 854 292 crassum
1148 249 1171 295 1.

191 403 239 454 aut
252 393 388 454 occultari
402 401 450 452 aut
469 393 589 452 omnino
609 393 735 470 ignorari
748 410 836 470 posse
857 392 1061 466 existimarent,
1080 393 1171 471 prima

190 503 276 553 nocte
297 512 313 552 e
334 493 434 552 castris
454 490 653 550 Helvetiorum
680 491 787 568 egressi
814 491 852 550 ad
879 489 1016 550 Rhenum
1043 492 1171 568 finesque

191 591 402 650 Germanorum
423 587 640 648 contenderunt.
681 595 733 648 28.
762 588 852 661 Quod
870 589 920 648 ubi
942 589 1049 648 Caesar
1069 590 1170 660 resciit,

190 707 312 765 quorum
329 707 381 766 per
401 687 474 745 fines
492 687 590 756 ierant,
605 687 658 757 his,
672 687 713 744 uti
731 687 933 763 conquirerent
952 697 981 746 et
995 687 1169 758 reducerent,

162 787 215 856 ssi
237 787 290 846 sibi
307 783 420 863 purgati
438 800 502 842 esse
519 783 630 856 vellent,
649 785 813 859 imperavit:
834 784 968 843 reductos
990 785 1021 843 in
1046 785 1170 844 hostium

189 901 310 942 numero
331 883 447 955 habuit3
475 881 599 956 reliquos
626 899 729 940 omnes
750 882 908 953 obsidibus,
930 883 1024 955 annis,
1045 883 1171 959 perfugis

188 981 297 1040 traditis
318 981 348 1039 in
369 981 544 1040 deditionem
565 979 683 1056 accepit.
727 978 885 1051 Helvetios,
908 979 1060 1056 Tulingos,
1083 980 1169 1038 Lato

187 1080 267 1138 vicos
287 1079 317 1136 in
344 1078 417 1138 fines
445 1096 522 1148 suos,
543 1076 621 1135 unde
642 1086 723 1135 erant
743 1076 872 1152 profecti,
893 1079 995 1136 reverti
1021 1061 1104 1137 iussit
1133 1086 1169 1149 et,

188 1177 268 1252 quod
281 1179 417 1236 omnibus
431 1175 567 1234 fructibus
582 1173 695 1233 amissis
714 1173 794 1232 domi
813 1173 883 1233 nihil
901 1184 970 1246 erat,
986 1193 1044 1252 quo
1062 1175 1169 1234 famem

146 1287 176 1323 10
188 1275 348 1345 tolerarent,
369 1273 575 1348 Allobrogibus
596 1271 752 1347 imperavit,
774 1280 806 1330 ut
833 1271 867 1330 iis
895 1272 1029 1332 frumenti
1057 1273 1171 1350 copiam

186 1370 329 1442 facerent;
364 1371 444 1447 ipsos
472 1369 581 1446 oppida
608 1369 753 1445 vicosque,
775 1386 849 1444 quos
876 1368 1071 1442 incenderant,
1092 1370 1172 1429 resti·

186 1477 265 1526 tuere
286 1467 375 1528 iussit.
417 1467 453 1526 Id
474 1486 510 1526 ea
528 1466 654 1524 maxime
671 1466 782 1525 ratione
799 1465 874 1537 fecit,
894 1467 974 1543 quod
993 1468 1083 1526 noluit
1104 1485 1171 1526 eum

186 1565 292 1636 locum,
307 1565 384 1624 unde
406 1564 531 1624 Helvetii
551 1565 746 1634 discesserant,
766 1581 876 1635 vacare,
895 1582 933 1622 ne
950 1574 1069 1642 propter
1089 1565 1172 1624 boni-

187 1672 275 1722 tatem
302 1681 437 1738 agrorum
465 1661 612 1732 Germani,
639 1661 689 1736 qui
716 1669 793 1720 trans
821 1661 958 1720 Rhenum
989 1662 1127 1734 incolunt,
1155 1681 1171 1722 e

145 1779 174 1828 ¹5
188 1762 247 1819 suis
279 1760 384 1820 finibus
416 1761 447 1819 in
480 1759 679 1818 Helvetiorum
711 1759 783 1818 fines
817 1760 970 1820 transirent
1001 1769 1030 1819 et
1060 1761 1173 1820 finitimi

189 1856 299 1916 Galliae
326 1859 490 1934 provinciae
517 1857 781 1934 Allobrogibusque
809 1866 913 1917 essent.
955 1857 1045 1918 Boios
1072 1868 1173 1936 peten-

188 1956 263 2014 tibus
290 1955 408 2028 Aeduis,
437 1956 516 2032 quod
543 1955 659 2030 egregia
693 1955 794 2013 virtute
824 1964 906 2014 erant
938 1957 1055 2032 cogniti,
1083 1966 1115 2016 ut
1142 1957 1174 2016 in

188 2053 292 2112 finibus
306 2053 364 2112 suis
379 2053 561 2124 collocarent,
577 2053 721 2112 concessit
728 2071 737 2125 ;
759 2053 864 2128 quibus
875 2053 915 2110 illi
925 2071 1011 2129 agros
1023 2054 1172 2126 dederunt,

187 2160 319 2228 quosque
338 2159 440 2227 postea
460 2151 490 2209 in
517 2169 617 2227 parem
644 2151 711 2210 iuris
738 2151 934 2227 libertatisque
962 2152 1173 2225 condicionem,

146 2269 175 2305 ao
188 2260 273 2324 atque
297 2249 351 2324 ipsi
373 2257 462 2320 erant,
490 2258 668 2324 receperunt.
710 2254 763 2307 29.
791 2247 828 2306 In
850 2249 950 2308 castris
974 2248 1175 2309 Helvetiorum

187 2348 300 2406 tabulae
313 2356 442 2422 repertae
453 2354 520 2404 sunt
530 2346 627 2403 litteris
640 2343 759 2404 Graecis
770 2344 919 2404 confectae
930 2355 959 2405 et
969 2347 1007 2405 ad
1018 2346 1175 2407 Caesarem

187 2447 299 2517 relatae,
323 2445 426 2520 quibus
453 2444 484 2501 in
511 2443 613 2502 tabulis
641 2445 812 2502 nominatim
839 2445 911 2504 ratio
940 2445 1073 2507 confecta
1104 2458 1175 2520 erat,

188 2545 237 2620 qui
256 2561 392 2602 numerus
416 2542 505 2602 domo
528 2543 633 2600 exisset
653 2560 762 2613 eorum,
783 2543 832 2619 qui
854 2561 934 2602 arma
952 2544 1025 2603 ferre
1043 2557 1174 2622 possent,

189 2652 217 2700 et
262 2641 332 2700 item
361 2639 516 2716 separatim
546 2640 635 2716 pueri,
669 2657 752 2698 senes
784 2640 983 2718 mulieresque.
1041 2642 1176 2715 Quarum

145 2759 174 2807 ²5
189 2741 318 2797 omnium
349 2755 446 2797 rerum
477 2755 591 2795 summa
617 2748 677 2796 erat
705 2738 831 2813 capitum
862 2739 1063 2800 Helvetiorum
1095 2743 1177 2802 milia

189 2853 312 2908 ccuxrn,
333 2835 525 2912 Tulingorum
552 2834 751 2906 miliaxxxv1‚
773 2835 975 2896 Latovicorum
997 2856 1071 2912 x1111,
1093 2839 1177 2898 Rau-

188 2937 312 2994 ricorum
340 2952 422 3005 xxm,
450 2932 589 2990 Boiorum
621 2948 723 3005 xxxrr;
758 2952 795 2992 ex
824 2935 877 3006 his,
905 2937 955 3012 qui
986 2955 1067 2996 arma
1099 2937 1176 2998 ferre

189 3041 315 3109 possent,
330 3032 367 3090 ad
387 3031 466 3088 milia
486 3030 646 3106 nonaginta
660 3031 728 3089 duo.
770 3032 890 3090 Summa
908 3034 1039 3093 omnium
1059 3035 1177 3097 suerunt

188 3130 226 3188 ad
246 3130 323 3188 milia
344 3143 505 3187 cccuxvur.
546 3125 664 3198 Eorum,
686 3128 735 3204 qui
763 3129 883 3188 domum
910 3131 1056 3190 redierunt
1082 3151 1177 3194 censu

146 3255 177 3305 30
188 3227 296 3298 habito,
315 3236 346 3286 ut
363 3225 469 3286 Caesar
489 3226 684 3303 imperaverat,
703 3236 831 3302 repertus
849 3238 893 3286 est
911 3246 1048 3288 numerus
1061 3231 1178 3290 milium

189 3335 249 3385 cet
262 3343 291 3384 X.

230 3429 284 3483 30.
312 3421 392 3481 Bello
412 3423 611 3482 Helvetiorum
626 3423 759 3482 confecto
779 3424 864 3482 totius
880 3423 938 3484 fere
956 3424 1176 3502 Galliaelegati,

189 3522 331 3600 principes
356 3523 507 3596 civitatum,
530 3521 567 3580 ad
588 3521 743 3580 Caesarem
763 3523 935 3598 gratulatum
956 3535 1175 3584 convenerunt:
