2606 3934
388 767 424 860 c.
448 795 569 860 runn
595 793 831 863 cassurus

210 1014 306 1096 ou
341 968 342 972 ‘
376 1015 617 1100 nunno
686 1013 1011 1100 oharico

369 1259 653 1313 COMMENTARIUS
681 1259 853 1326 QUARTUS·

421 1462 490 1526 ΒΩ.
513 1477 560 1538 55.
601 1463 710 1524 A.U.C.
732 1466 800 1543 699.

117 1648 232 1701 Invasiou
259 1647 287 1700 oi
310 1647 353 1701 the
379 1647 493 1713 Usipetes
517 1646 566 1695 and
593 1647 730 1697 Tenchteri.
764 1649 871 1713 Passage
895 1648 925 1699 oi
947 1647 989 1700 the
1016 1648 1103 1701 Ruina

439 1729 505 1778 First
524 1728 622 1778 Failure
639 1729 665 1778 in
683 1729 784 1782 Britain.

158 1891 183 1944 1.
203 1885 260 1968 Ea,
288 1899 363 1959 quae
394 1889 493 1940 secuta
523 1889 574 1951 est,
602 1879 705 1951 hieme,
734 1881 783 1957 qui
811 1879 862 1940 fuit
893 1900 985 1941 annus
1017 1881 1104 1943 Gneo

117 1983 269 2060 Pompeio,
293 1979 396 2038 Marco
421 1978 528 2037 Crasso
553 1975 727 2048 consulibus,
752 1977 887 2055 Usipetes
912 1979 1051 2038 Germani
1076 1991 1105 2039 et

117 2083 187 2140 item
217 2077 353 2138 Tencteri
379 2094 488 2152 magna
515 2093 582 2134 cum
609 2075 788 2135 multitudine
817 2075 969 2146 hominum
995 2077 1105 2136 flumen

118 2178 257 2236 Rhenum
275 2175 453 2245 transierunt,
471 2192 531 2232 non
550 2172 638 2248 longe
655 2191 672 2230 a
690 2173 771 2244 mari,
789 2191 847 2249 quo
868 2172 988 2233 Rhenus
1004 2175 1103 2234 influit.

118 2275 217 2336 Causa
243 2273 408 2333 transeundi
431 2272 492 2342 fuit,
517 2269 598 2347 quod
624 2270 661 2327 ab
691 2269 792 2328 Suebis
819 2271 982 2350 complures
1010 2290 1132 2349 annos5

118 2375 253 2451 exagitati
266 2373 342 2432 bello
356 2372 559 2449 premebantur
573 2378 601 2428 et
615 2369 786 2444 agricultura
799 2370 1032 2447 prohibebantur.

162 2471 323 2531 Sueborum
356 2487 431 2545 gens
465 2478 508 2528 est
542 2467 630 2544 longe
664 2467 790 2526 maxima
824 2477 854 2528 et
886 2469 1104 2529 bellicosissima

117 2571 333 2630 Germanorum
346 2567 485 2626 omnium.
527 2564 569 2623 Hi
590 2575 705 2622 centum
725 2584 819 2642 pagos
839 2566 943 2626 habere
964 2568 1104 2640 dicuntur,

117 2689 156 2733 ex
173 2668 277 2746 quibus
295 2665 450 2745 quotannis
467 2663 674 2740 singulamilia
690 2673 864 2722 amatorum
880 2665 1005 2726 bellandi
1019 2685 1105 2726 causa

116 2785 156 2827 ex
170 2766 275 2824 finibus
289 2764 422 2822 educunt.
465 2761 589 2839 Reliqui,
609 2761 658 2840 qui
676 2760 755 2820 domi
776 2772 950 2836 manserunt,
970 2783 1001 2824 se
1020 2775 1106 2842 atque
1121 2802 1150 2837 ro

115 2864 183 2922 illos
204 2862 290 2920 alunt.
332 2859 374 2918 Hi
391 2878 488 2918 rursus
504 2860 534 2917 in
550 2861 641 2918 vicem
658 2867 737 2918 anno
753 2868 821 2944 post
834 2860 863 2917 in
877 2861 963 2920 armis
978 2872 1052 2934 sunt,
1067 2863 1106 2922 illi

116 2959 201 3021 domi
221 2967 378 3018 remanent
422 2955 469 3016 Sic
485 2975 579 3034 neque
597 2957 768 3032 agricultura
781 2975 836 3016 nec
850 2959 922 3016 ratio
936 2969 1022 3035 atque
1036 2979 1105 3020 usus

114 3058 186 3118 belli
212 3056 412 3116 intermittitur.
455 3054 513 3114 Sed
536 3055 637 3132 privati
661 3073 695 3113 ac
719 3054 842 3130 separati
866 3057 927 3133 agri
952 3058 1030 3133 apud
1053 3077 1106 3118 eos

114 3155 190 3214 nihil
204 3163 255 3225 est,
270 3172 364 3230 neque
381 3152 496 3229 longius
510 3169 588 3211 anno
603 3171 750 3212 remanere
764 3171 824 3212 uno
838 3153 868 3211 in
881 3152 947 3212 loco
960 3154 1106 3216 incolendi

115 3271 208 3314 causa
220 3253 296 3311 licet.
338 3251 441 3328 Neque
455 3251 577 3309 multum
591 3250 742 3322 frumento,
759 3251 810 3310 sed
823 3251 979 3309 maximam
993 3263 1105 3328 partem
1119 3283 1149 3336 15

114 3354 193 3411 lacte
211 3361 297 3427 atque
315 3367 421 3426 pecore
441 3349 538 3406 vivunt
556 3349 735 3424 multumque
757 3357 824 3407 sunt
841 3349 873 3406 in
890 3350 1106 3428 venationibus;

116 3467 195 3526 quae
212 3467 257 3506 res
277 3457 305 3506 et
319 3447 375 3506 cibi
391 3465 497 3522 genere
513 3455 542 3504 et
555 3448 699 3505 cotidiana
712 3448 914 3507 exercitatione
933 3457 961 3506 et
977 3449 1107 3510 libertate

114 3547 202 3618 vitae,
217 3564 284 3604 cum
302 3564 320 3603 a
333 3545 430 3621 pueris
443 3545 521 3603 nullo
538 3545 634 3602 officio
650 3554 697 3602 aut
711 3545 861 3622 disciplina
874 3545 1024 3606 assuefacti
1037 3546 1107 3608 nihil

603 3657 623 3700 u
