2634 3914
155 176 292 260 38-40.
380 189 426 236 DE
447 189 557 238 BELLO
580 188 728 239 olomeo
751 190 860 239 oOMM.
887 193 948 243 VII.
1085 192 1145 262 155

149 337 239 397 hobis
266 338 356 396 animi
379 349 430 411 est,
456 358 663 417 persequamur
687 358 788 399 eorum
816 350 950 414 mortem,
976 342 1025 420 qui
1053 340 1146 418 indig-

153 437 271 496 nissime
311 438 485 509 interierunt,
528 447 614 513 atque
655 437 710 497 hos
753 440 880 498 latrones
923 440 1145 499 interficiamus!

153 532 288 594 Ostendit
320 537 397 595 cives
433 535 596 608 Romanos,
611 537 661 612 qui
688 537 751 596 eius
783 536 918 614 praesidii
945 539 1051 598 fiducia
1080 557 1139 598 una

152 642 249 691 erant:
277 651 418 709 magnum
442 652 595 692 numerum
619 633 754 694 frumenti
778 647 1015 713 commeatusque
1042 636 1146 713 diripit,

151 729 232 806 ipsos
254 731 404 790 crudeliter
425 731 604 792 excruciatos
626 732 765 791 interficit.
807 732 934 794 Nuntios
954 743 1016 793 tota
1034 733 1173 803 civitates

150 827 323 886 Aeduorum
347 829 471 900 dimittit,
492 829 597 888 eodem
622 830 776 888 mendacio
801 830 837 890 de
858 833 947 891 caede
969 832 1097 909 equitum
1118 841 1146 901 et

150 925 314 1001 principum
334 935 501 1002 permovet3
523 925 661 998 hortatur,
680 940 712 985 ut
732 928 816 1002 simili
837 929 957 1000 ratione,
978 940 1064 1007 atque
1082 929 1145 1005 ipse

150 1021 257 1093 fecerit,
273 1041 339 1082 suas
354 1024 470 1082 iniurias
488 1035 705 1102 persequantur.
747 1031 800 1085 39.
822 1025 1004 1102 Eporedorix
1018 1026 1145 1099 Aeduus,

150 1136 266 1178 summo
290 1120 358 1179 loco
379 1130 464 1179 natus
485 1121 656 1181 adulescens
677 1133 706 1181 et
730 1141 861 1181 summae
886 1123 967 1182 domi
990 1125 1143 1199 potentiae,

149 1223 179 1275 'et
199 1235 258 1276 una
282 1217 489 1290 Viridomarus,
511 1220 573 1295 pari
594 1230 687 1278 aetate
708 1229 737 1278 et
757 1221 857 1296 gratia,
879 1220 931 1279 sed
955 1239 1063 1296 genere
1087 1222 1144 1280 dis·
1160 1241 1190 1276 10

148 1314 220 1392 pari,
236 1333 323 1392 quem
338 1315 445 1376 Caesar
463 1317 501 1374 ab
520 1315 662 1375 Divitiaco
682 1317 736 1376 sibi
755 1318 890 1376 traditum
905 1335 941 1376 ex
959 1318 1059 1376 humili
1078 1319 1145 1378 loco

149 1413 188 1472 ad
219 1431 364 1473 summam
395 1405 565 1490 dignitatem
596 1414 776 1490 perduxerat,
805 1415 835 1472 in
863 1416 992 1491 equitum
1022 1433 1144 1474 numero

148 1519 344 1569 convenerant
365 1511 538 1570 nominatim
558 1513 596 1569 ab
622 1530 658 1570 eo
680 1513 798 1571 evocati.
841 1512 898 1571 His
926 1521 986 1572 erat
1013 1513 1086 1572 inter
1112 1531 1144 1572 se

149 1609 187 1668 de
214 1610 378 1686 principatu
405 1610 563 1682 contentio,
591 1619 620 1668 et
646 1610 677 1668 in
704 1610 751 1668 illa
778 1611 999 1687 magistratuum
1027 1620 1144 1670 contro·

147 1709 240 1767 versia
274 1708 344 1767 alter
378 1726 431 1784 pro
467 1708 694 1779 Convictolitavi,
727 1709 797 1767 alter
831 1727 884 1785 pro
915 1709 991 1769 Coto
1023 1711 1143 1770 summis
1160 1733 1188 1782 15

147 1806 253 1882 opibus
281 1815 487 1883 pugnaverant.
528 1805 574 1864 Ex
599 1805 643 1864 his
663 1806 846 1882 Eporedorix
868 1807 986 1882 cognito
1008 1806 1144 1866 Litavicci

147 1904 269 1964 consilio
293 1904 389 1963 media
414 1903 472 1962 fere
497 1913 583 1964 nocte
608 1922 670 1962 rem
695 1904 732 1962 ad
757 1902 913 1962 Caesarem
935 1903 1042 1976 defert;
1071 1914 1142 1977 orat,

147 2019 186 2060 ne
220 2001 344 2078 patiatur
379 2001 523 2060 civitatem
556 2001 651 2077 pravis
684 2000 931 2062 adulescentium,
946 2002 1072 2061 consiliis
1106 2005 1143 2062 ab

147 2100 274 2160 amicitia
294 2099 395 2177 populi
417 2098 545 2157 Romani
571 2098 709 2169 deficere;
739 2098 819 2174 quod
840 2097 966 2156 futurum
986 2099 1142 2184 provideat,

147 2200 173 2260 si
210 2216 242 2258 se
277 2206 321 2256 tot
357 2196 510 2254 hominum
546 2195 625 2254 milia
662 2212 730 2252 cum
766 2194 898 2254 hostibus
932 2196 1142 2278 coniunxerint,
1158 2232 1189 2266 20

147 2315 273 2374 quorum
301 2295 423 2354 salutem
448 2312 543 2370 neque
568 2293 723 2370 propinqui
747 2292 900 2369 neglegere
924 2311 1020 2369 neque
1044 2295 1142 2354 civitas

145 2397 201 2455 levi
220 2405 371 2453 momento
386 2393 537 2451 aestimare
552 2401 657 2468 posset.
701 2395 754 2451 40.
778 2389 890 2467 Magna
909 2391 1028 2450 affectus
1048 2392 1142 2451 sollic-

145 2493 256 2552 itudine
277 2491 334 2552 hoc
353 2492 456 2550 nuntio
477 2489 594 2560 Caesar,
615 2488 694 2565 quod
714 2506 828 2564 semper
846 2488 1016 2548 Aeduorum
1038 2490 1142 2549 civitati

145 2591 302 2668 praecipue
327 2589 495 2658 indulserat,
517 2587 595 2646 nulla
619 2586 788 2663 interposita
809 2587 987 2645 dubitatione
1011 2587 1141 2663 legiones

145 2689 296 2766 expeditas
321 2696 456 2764 quattuor
481 2687 697 2762 equitatumque
718 2701 838 2742 omnem
859 2703 895 2742 ex
916 2686 1016 2745 castris
1037 2687 1140 2759 educit,
1157 2709 1186 2757 ²5

144 2805 202 2845 nec
222 2786 275 2844 luit
296 2786 421 2861 spatium
442 2783 491 2842 tali
511 2793 643 2858 tempore
665 2782 702 2840 ad
723 2782 921 2842 contrahenda
942 2793 1042 2855 castra,
1062 2784 1142 2861 quod

144 2903 192 2943 res
214 2883 309 2961 posita
334 2883 364 2940 in
385 2882 528 2941 celeritate
548 2881 712 2938 videbatur:
741 2879 847 2938 Gaium
868 2879 990 2940 Fabium
1014 2881 1141 2956 legatum

145 3001 215 3042 cum
236 2981 399 3058 legionibus
420 2981 532 3038 duabus
554 2979 653 3038 castris
675 2978 818 3053 praesidio
843 2978 984 3054 relinquit.
1026 2977 1141 3036 Fratres

145 3079 282 3138 Litavicci
304 3096 371 3136 cum
393 3076 600 3152 comprehendi
621 3075 757 3147 iussisset,
779 3075 867 3151 paulo
888 3084 954 3133 ante
978 3076 1083 3150 reperit
1103 3077 1141 3134 ad

145 3177 245 3235 hostes
267 3175 384 3250 fugisse.
426 3174 604 3232 Adhortatus
629 3173 741 3243 milites,
763 3191 801 3230 ne
826 3173 988 3231 necessario
1010 3182 1139 3248 tempore
1155 3177 1185 3238 39

143 3273 253 3332 itineris
284 3273 382 3331 labore
413 3281 643 3347 permoveantur,
675 3270 867 3346 cupidissimis
903 3270 1038 3327 omnibus
1071 3287 1139 3345 pro·

143 3388 262 3447 gressus
283 3370 361 3428 milia
385 3386 523 3444 passuum
548 3386 606 3426 xxv
631 3385 737 3442 agmen
759 3368 929 3426 Aeduomm
954 3368 1138 3444 conspicatus

142 3469 276 3528 immisso
298 3468 427 3546 equitatu
450 3467 504 3525 iter
529 3484 630 3526 eorum
651 3477 778 3526 moratur
799 3475 885 3544 atque
910 3466 1030 3543 impedit
1053 3466 1138 3544 interf
1180 3475 1183 3480 '
