2652 3928
179 190 240 278 196
584 207 620 257 A.
645 209 765 258 urnrrr
1095 214 1168 260 vrrr.

176 355 341 416 Lemonum
368 357 450 418 redit.
491 365 542 421 2¹1.
562 358 677 417 Eodem
704 369 835 436 tempore
863 357 897 420 C.
923 359 1029 418 Fabius
1057 360 1169 437 legatus

177 455 340 532 complures
367 456 494 515 civitates
521 457 551 514 in
576 457 665 516 fidem
691 458 800 534 recipit,
825 457 976 518 obsidibus
1003 458 1098 516 firmat
1124 459 1169 515 lit·

176 551 302 630 terisque
328 552 385 612 Gai
407 552 512 612 Canini
540 553 636 613 Rebili
657 555 688 612 fit
709 556 820 626 certior,
843 573 918 631 quae
945 556 976 613 in
1000 555 1169 615 Pictonibus

177 661 320 726 gerantur.
364 649 478 722 Quibus
502 653 588 711 rebus
609 652 733 727 cognitis
756 653 947 728 proficiscitur
970 653 1009 711 ad
1033 653 1169 712 auxilium

148 747 298 806 5Duratio
327 747 485 807 ferendum
527 748 568 807 At
593 747 765 808 Dumnacus
793 749 919 808 adventu
944 748 1027 808 Fabii
1050 750 1169 825 cognito

177 845 328 924 desperata
349 844 448 916 salute,
466 846 490 904 si
507 855 638 922 ternpore
657 847 762 905 eodem
780 856 897 906 coactus
916 855 992 905 esset
1011 855 1040 904 et
1059 845 1170 904 Rorna-

178 960 249 999 num
276 951 427 1000 externum
459 944 599 1030 sustinere
630 943 745 1002 hostem
772 952 801 1001 et
832 943 973 1020 respicere
1001 961 1035 1003 ac
1068 944 1170 1003 timere

178 1039 351 1114 oppidanos
373 1051 491 1116 repente
513 1059 549 1098 ex
574 1058 610 1100 eo
634 1041 701 1100 loco
722 1059 790 1100 curn
811 1042 904 1118 copiis
928 1042 1038 1102 recedit
1058 1059 1114 1100 nec
1137 1059 1170 1099 se

180 1138 247 1196 satis
270 1148 364 1197 tutum
389 1138 451 1198 fore
475 1140 635 1211 arbitratur,
656 1139 712 1198 nisi
732 1139 851 1198 flumine
876 1140 982 1216 Ligeri,
1006 1142 1171 1218 quoderat

136 1248 166 1284 10
179 1245 268 1312 ponte
306 1247 425 1313 propter
459 1237 689 1314 magnitudinem
726 1239 944 1309 transeundum,
979 1239 1080 1314 copias
1113 1247 1170 1296 tra-

179 1333 314 1394 duxisset.
369 1334 485 1406 Fabius,
517 1335 570 1393 etsi
605 1335 738 1393 nondum
772 1335 803 1392 in
831 1345 1021 1412 conspectum
1054 1345 1171 1394 venerat

179 1431 309 1491 hostibus
336 1451 431 1510 neque
455 1451 486 1491 se
511 1431 636 1491 Caninio
660 1433 858 1504 coniunxerat,
883 1442 982 1491 tamen
1006 1433 1108 1492 doctus
1132 1433 1170 1490 ab

178 1531 222 1601 iis,
250 1532 300 1606 qui
331 1530 462 1588 locorum
494 1540 634 1590 noverant
664 1541 805 1600 naturam,
837 1531 1021 1606 potissimum
1051 1530 1171 1589 credidit

179 1627 278 1686 hostes
305 1628 471 1703 perterritos
499 1645 567 1684 eum
597 1627 704 1698 locum,
733 1645 821 1703 quem
849 1629 993 1703 petebant,
1021 1628 1169 1704 petituros.

137 1733 166 1782 15
180 1725 282 1803 Itaque
310 1744 377 1784 curn
401 1727 493 1801 copiis
521 1727 559 1785 ad
587 1726 712 1784 eundem
740 1735 861 1801 pontem
886 1726 1034 1786 contendit
1062 1728 1170 1802 equita·
1271 1723 1273 1728 ’

180 1833 299 1898 turrique
324 1833 436 1884 tantum
460 1824 619 1900 procedere
643 1835 710 1882 ante
735 1841 842 1899 agmen
866 1824 989 1900 imperat
1012 1824 1170 1900 legionum,

181 1932 322 1997 quantum
346 1940 413 1981 curn
437 1922 632 1998 processisset,
658 1923 721 1980 sine
746 1921 951 1998 defetigatione
974 1940 1117 1998 equorum
1139 1923 1171 1980 in

181 2019 283 2077 eadem
312 2037 343 2080 se
371 2021 511 2096 reciperet
539 2028 639 2078 castra.
682 2017 909 2095 Consequuntur
933 2019 1044 2096 equites
1071 2020 1170 2089 nostri,

180 2126 212 2174 ut
239 2125 299 2178 erat
325 2127 521 2194 pracceptum,
547 2117 743 2194 invaduntque
770 2116 915 2175 Dumnaci
943 2135 1050 2192 agmen
1073 2127 1102 2175 et
1126 2117 1170 2174 fu-

136 2221 168 2258 20
181 2215 292 2290 gientes
330 2216 552 2292 perterritosque
587 2216 641 2274 sub
676 2215 795 2274 sarcinis
832 2215 862 2272 in
903 2214 1003 2274 itinere
1041 2216 1171 2291 aggressi
1268 2241 1282 2264 ι

180 2327 289 2388 magna
316 2312 424 2388 praeda
450 2313 547 2372 multis
575 2314 730 2372 interiectis
757 2312 913 2387 potiuntur.
955 2311 1001 2370 Ita
1030 2329 1061 2370 re
1095 2313 1171 2370 bene

179 2420 263 2485 gesta
283 2428 314 2469 se
335 2411 477 2486 recipiunt
497 2411 527 2472 in
548 2421 648 2471 castra.
691 2409 1041 2483 as.*1nsequentinocte
1064 2408 1171 2468 Fabius

182 2507 293 2580 equites
316 2509 473 2584 praemittit
497 2509 537 2568 sic
560 2518 684 2585 paratos,
708 2517 739 2566 ut
760 2506 950 2582 confligerent
974 2516 1060 2583 atque
1082 2523 1170 2565 omne

182 2621 289 2678 agmen
308 2616 496 2677 morarentur,
518 2605 588 2663 dum
609 2613 834 2680 consequeretur
857 2605 928 2681 ipse.
970 2604 1060 2664 Cuius
1088 2622 1171 2680 prae-

139 2707 167 2757 25
183 2701 274 2777 ceptis
301 2710 333 2762 ut
360 2721 406 2762 res
432 2713 585 2778 gereretur,
614 2701 741 2773 Quintus
768 2702 852 2762 Atius
880 2701 983 2773 Varus,
1009 2702 1171 2779 praefectus

182 2799 320 2874 equitum,
335 2799 485 2874 singularis
502 2808 531 2857 et
550 2799 638 2859 animi
657 2810 686 2859 et
704 2801 873 2878 prudentiae
892 2801 941 2871 vir,
956 2818 1026 2859 suos
1043 2800 1171 2859 hortatur

179 2915 346 2974 agmenque
367 2896 493 2956 hostiurn
515 2908 689 2957 consecutus
710 2909 817 2957 turmas
839 2899 943 2974 partim
964 2899 1077 2958 idoneis
1098 2899 1170 2956 locis

182 2995 318 3072 disponit,
354 2998 460 3072 partim
491 2997 620 3071 equitum
650 2995 793 3073 proelium
828 2996 989 3056 committit.
1031 2995 1171 3070 Confligit

183 3094 320 3154 audacius
347 3094 490 3169 equitatus
521 3093 648 3151 hostium
676 3092 896 3152 succedentibus
924 3094 979 3152 sibi
1009 3093 1169 3169 peditibus;

137 3193 171 3245 30
183 3191 232 3266 qui
252 3200 315 3251 toto
336 3193 452 3268 agmine
476 3191 664 3250 subsistentes
684 3190 826 3267 equitibus
850 3193 908 3250 suis
929 3200 1031 3250 contra
1054 3201 1169 3250 nostros

182 3289 277 3348 ferunt
307 3291 451 3350 auxilium.
493 3289 540 3348 Fit
570 3289 712 3366 proelium
743 3289 801 3348 acri
828 3291 991 3370 certamine.
1033 3287 1170 3364 Namque

182 3389 273 3446 nostri
297 3389 470 3463 contemptis
497 3387 588 3464 pridie
616 3387 756 3462 superatis
778 3386 917 3458 hostibus,
942 3403 1009 3446 cum
1033 3387 1171 3462 subsequi

182 3484 312 3558 legiones
333 3486 539 3556 meminissent,
561 3493 590 3544 et
614 3485 726 3560 pudore
747 3485 869 3544 cedendi
893 3495 921 3542 et
942 3484 1096 3561 cupiditate
1116 3502 1169 3560 per

182 3596 214 3640 se
235 3580 406 3640 conficiendi
430 3582 529 3658 proelii
550 3579 703 3644 fortissime
725 3593 824 3642 contra
847 3583 959 3660 pedites
983 3580 1171 3660 proeliantur,
