2634 3914
151 209 285 277 10-13.
362 209 408 255 oa
429 209 538 257 uarro
562 209 711 259 carrrco
734 212 843 262 coum,
871 213 916 261 vr.
1077 217 1137 284 119

147 356 244 414 auxilii
264 361 378 432 egeret:
407 377 475 417 suos
500 359 577 418 enim
601 361 724 436 quisque
745 362 870 438 opprimi
890 370 919 419 et
939 359 1138 420 circumveniri

146 472 207 512 non
227 455 340 530 patitur,
360 474 464 532 neque,
486 457 566 515 aliter
589 458 613 516 si
634 457 727 529 faciat,
748 460 837 517 ullam
859 459 934 517 inter
957 475 1026 517 suos
1050 457 1137 515 habet

147 551 354 610 auctoritatem.
397 553 481 612 Haec
516 555 618 612 eadem
653 557 724 614 ratio
760 567 804 615 est
837 557 867 614 in
902 575 1016 615 summa
1049 554 1137 613 totius

147 649 275 709 Galliae:
310 669 436 728 namque
464 670 567 710 omnes
595 654 722 712 civitates
750 655 780 712 in
808 665 904 731 partes
932 655 1038 712 divisae
1070 664 1137 712 sunt

147 748 228 806 duas
268 755 315 807 12.
338 747 414 807 Cum
435 747 543 807 Caesar
566 749 597 806 in
618 749 742 808 Galliam
763 752 847 822 venit,
869 752 983 810 alterius
1004 751 1163 812 factionis5
1250 761 1257 768 “

146 847 290 924 principes
315 857 395 904 erant
420 847 523 918 Aedui,
549 848 663 907 alterius
689 849 822 926 Sequani.
864 850 907 908 Hi
931 869 999 924 curn
1026 867 1078 926 per
1105 868 1136 908 se

146 945 242 1002 minus
263 943 398 1016 valerent,
420 945 501 1022 quod
525 964 639 1006 summa
663 947 818 1005 auctoritas
843 948 998 1025 antiquitus
1022 957 1084 1007 erat
1107 949 1137 1006 in

145 1041 256 1101 Aeduis
275 1060 457 1118 magnaeque
478 1060 579 1100 eorum
599 1053 680 1102 erant
694 1044 850 1116 clientelae,
868 1043 1032 1104 Germanos
1050 1054 1136 1121 atque

146 1141 323 1198 Ariovistum
348 1140 402 1198 sibi
427 1139 614 1198 adiunxerant
638 1159 746 1218 eosque
768 1143 806 1200 ad
830 1160 860 1200 se
880 1143 994 1218 magnis
1022 1144 1136 1202 iacturis

146 1238 457 1314 pollicitationibusque
477 1238 675 1313 perduxerant.
719 1238 838 1298 Proeliis
857 1258 925 1298 vero
940 1241 1136 1316 compluribus
1153 1263 1182 1298 ιο

145 1335 227 1396 factis
253 1337 387 1396 secundis
411 1345 497 1413 atque
518 1336 599 1394 omni
623 1336 772 1394 nobilitate
792 1335 964 1396 Aeduorum
988 1335 1136 1398 interfecta

146 1445 257 1492 tantum
277 1435 407 1510 potentia
427 1443 645 1505 antecesserant,
659 1443 691 1492 ut
704 1453 842 1509 magnam
860 1445 971 1510 partem
990 1435 1135 1494 clientium

145 1533 184 1590 ab
208 1531 319 1590 Aeduis
343 1531 381 1589 ad
405 1550 437 1590 se
457 1531 639 1590 traducerent
660 1532 833 1610 obsidesque
857 1533 894 1590 ab
918 1533 952 1590 iis
973 1533 1136 1608 principum

145 1629 220 1688 filios
243 1631 405 1706 acciperent
425 1638 454 1688 et
474 1630 588 1706 publice
612 1629 704 1687 iurare
726 1639 871 1706 cogerent,
892 1629 963 1688 nihil
984 1648 1016 1690 se
1036 1641 1136 1690 contra

146 1727 298 1804 Sequanos
320 1728 431 1786 consilii
453 1727 572 1786 inituros
596 1737 626 1786 et
649 1737 762 1803 partem
783 1727 895 1786 finitimi
920 1727 980 1803 agri
1003 1747 1054 1804 per
1077 1729 1136 1786 vim
1151 1748 1179 1797 15

145 1834 319 1900 occupatam
346 1826 528 1900 possiderent
552 1824 720 1902 Galliaeque
748 1827 836 1884 totius
863 1827 1055 1902 principatum
1082 1827 1134 1885 ob

146 1923 276 1980 tinerent.
318 1921 386 1994 Qua
409 1924 579 1982 necessitate
607 1923 747 1981 adductus
772 1923 929 1982 Divitiacus
953 1923 1049 1982 auxilii
1073 1933 1135 1998 pet-

146 2019 213 2078 endi
247 2039 334 2078 causa
368 2020 496 2080 Romam
537 2021 575 2079 ad
616 2029 748 2078 senatum
786 2021 932 2096 profectus
969 2020 1135 2098 imperfecta

145 2136 176 2176 re
211 2117 341 2176 redierat.
383 2119 519 2176 Adventu
554 2117 686 2177 Caesaris
721 2117 796 2176 facta
830 2120 1056 2178 commutatione
1090 2138 1133 2177 re-

144 2235 217 2286 rum,
238 2216 387 2274 obsidibus
407 2216 517 2274 Aeduis
539 2215 665 2286 redditis,
687 2216 829 2274 veteribus
852 2216 990 2274 clientelis
1011 2216 1134 2274 restitut·
1150 2237 1180 2273 πο

144 2315 177 2385 is,
207 2314 288 2372 novis
316 2333 368 2390 per
396 2313 549 2372 Caesarem
578 2313 759 2389 comparatis,
784 2313 865 2388 quod
893 2313 931 2383 hi,
960 2314 1009 2390 qui
1037 2332 1068 2372 se
1097 2314 1135 2372 ad

144 2429 246 2470 eorum
270 2411 423 2470 amicitiam
451 2419 685 2487 aggregaverant,
710 2411 828 2468 meliore
853 2411 1025 2470 condicione
1048 2421 1134 2488 atque

144 2508 280 2584 aequiore
296 2509 417 2584 imperio
435 2527 466 2566 se
480 2509 521 2566 uti
536 2508 680 2580 videbant,
694 2508 809 2583 reliquis
826 2510 912 2568 rebus
926 2526 1027 2567 eorum
1043 2510 1135 2584 gratia

144 2605 341 2681 dignitateque
368 2607 551 2681 amplificata,
580 2605 708 2681 Sequani
738 2607 931 2682 principatum
959 2607 1133 2665 dimiserant.
1156 2623 1159 2628 ‘

143 2703 180 2761 In
201 2722 303 2762 eorum
321 2705 419 2764 locum
439 2705 525 2763 Remi
544 2715 763 2764 successerant:
786 2723 860 2782 quos
879 2705 959 2782 quod
973 2706 1133 2784 adaequare
1149 2725 1177 2773 ²5

144 2803 223 2879 apud
243 2802 398 2861 Caesarem
417 2804 508 2878 gratia
526 2803 751 2879 intellegebatur,
771 2804 798 2872 ii,
819 2803 868 2881 qui
887 2815 1005 2880 propter
1025 2815 1133 2866 veteres

144 2901 306 2959 inimicitias
330 2902 409 2958 nullo
433 2902 523 2959 modo
549 2919 616 2959 cum
640 2901 750 2960 Aeduis
775 2902 913 2976 coniungi
938 2911 1079 2977 poterant,
1101 2921 1132 2960 se

143 2997 246 3057 Remis
264 3000 293 3056 in
308 3000 467 3058 clientelam
483 2999 625 3057 dicabant.
668 2997 735 3056 Hos
749 2999 788 3056 illi
802 2999 951 3074 diligenter
964 3001 1133 3058 tuebantur:

143 3096 182 3153 ita
206 3105 235 3153 et
258 3113 365 3154 novam
393 3106 421 3154 et
448 3105 566 3172 repente
591 3095 740 3153 collectam
765 3096 962 3154 auctoritatem
986 3097 1133 3156 tenebant.

142 3193 188 3252 Eo
207 3203 269 3250 turn
288 3205 363 3252 statu
381 3213 427 3252 res
447 3203 516 3264 erat,
530 3204 561 3251 ut
580 3193 667 3268 longe
686 3194 830 3269 principes
844 3193 1014 3251 haberentur
1028 3194 1131 3265 Aedui,
1146 3214 1176 3262 30

141 3291 303 3349 secundum
323 3291 420 3349 locum
442 3291 586 3366 dignitatis
609 3291 694 3348 Remi
715 3291 886 3351 obtinerent.
928 3296 974 3350 13.
996 3290 1032 3348 In
1051 3292 1132 3349 omni

105 3458 109 3466 .
141 3389 236 3449 Gallia
267 3409 369 3449 eorum
399 3391 558 3456 hominum,
588 3390 637 3466 qui
667 3390 763 3466 aliquo
796 3399 862 3448 sunt
892 3408 1013 3448 numero
1044 3400 1130 3466 atque

140 3487 260 3560 honore,
288 3506 396 3564 genera
423 3497 490 3547 sunt
517 3488 586 3546 duo.
632 3486 717 3545 Nam
737 3488 836 3564 plebes
864 3507 955 3564 paene
984 3505 1133 3549 servorum
