2634 3914
161 196 221 257 124
387 179 392 186 '
484 193 512 240 c.
536 193 628 239 rurrr
649 182 821 240 crumnis
888 183 927 189 ‘'
1101 189 1144 239 vr.

157 341 261 419 Neque
296 345 449 420 quisquam
483 343 543 419 agri
573 343 694 402 modurn
727 353 837 402 certum
870 351 918 400 aut
952 342 1025 399 fines
1058 339 1147 397 habet

156 442 290 518 proprios
301 461 309 514 ;
332 443 384 500 sed
406 443 589 518 magistratus
617 462 652 501 ac
676 443 820 518 principes
848 441 878 498 in
901 458 994 498 annos
1017 438 1146 514 singulos

156 539 292 614 gentibus
323 541 603 617 cognationibusque
637 541 797 612 hominum,
833 539 881 616 qui
916 557 974 597 una
1009 537 1145 605 coierunt,

157 647 296 712 quantum
318 648 346 696 et
365 656 424 713 quo
444 637 510 696 loco
527 639 619 697 visum
640 647 684 697 est
705 640 765 715 agri
786 639 941 696 attribuunt
962 647 1047 712 atque
1068 650 1146 692 anno

128 745 222 810 5post
241 737 297 792 alio
316 737 433 794 transire
451 745 567 812 cogunt.
609 737 680 795 Eius
700 738 740 796 rei
761 737 864 794 multas
883 736 1005 793 afferunt
1024 749 1144 791 causas:

81 875 82 880 κ
156 855 193 892 ne
215 836 330 893 assidua
355 837 563 894 consuetudine
588 837 664 912 capti
687 837 814 894 studium
837 835 903 893 belli
928 834 1046 910 gerendi
1071 833 1145 908 agri-

157 934 266 991 cultura
286 943 479 1004 commutent;
505 952 543 991 ne
563 935 637 992 latos
659 934 731 992 fines
752 952 853 1010 parare
874 933 1017 1001 studeant,
1032 939 1145 1007 potent-

156 1031 289 1106 ioresque
307 1029 473 1088 humiliores
492 1032 726 1106 possessionibus
748 1031 891 1106 expellant
901 1049 909 1102 3
931 1048 968 1087 ne
986 1027 1147 1087 accuratius

156 1129 194 1186 ad
213 1127 320 1204 frigora
339 1138 425 1204 atque
442 1137 538 1186 aestus
556 1129 689 1186 vitandos
708 1129 860 1186 aedificent
870 1146 878 1201 ;
907 1147 944 1186 ne
964 1147 1021 1204 qua
1040 1127 1146 1184 oriatur

113 1258 143 1291 10
157 1226 297 1302 pecuniae
324 1227 474 1302 cupiditas,
506 1245 564 1302 qua
591 1242 627 1284 ex
655 1246 685 1285 re
718 1225 859 1285 factiones
892 1225 1146 1299 dissensionesque

155 1333 330 1396 nascuntur;
366 1333 397 1380 ut
430 1324 517 1380 animi
548 1323 689 1399 aequitate
720 1324 835 1398 plebem
869 1323 1044 1390 contineant,
1079 1337 1145 1378 cum

156 1442 222 1482 suas
261 1423 382 1499 quisque
423 1441 495 1498 opes
532 1441 599 1480 cum
636 1423 843 1498 potentissimis
883 1421 1000 1497 aequari
1042 1409 1143 1476 videat.

156 1528 205 1580 23.
228 1520 397 1578 Civitatibus
429 1521 556 1577 maxima
583 1520 645 1578 laus
678 1530 721 1578 est
751 1538 838 1596 quam
871 1518 1008 1576 latissime
1036 1517 1145 1574 circum

156 1637 187 1676 se
222 1618 338 1676 vastatis
372 1617 478 1675 finibus
517 1617 685 1676 solitudines
723 1617 837 1674 habere.
890 1615 959 1674 Hoc
997 1615 1145 1691 proprium

113 1744 141 1793 15
156 1716 263 1774 virtutis
288 1715 460 1786 existimant,
486 1715 621 1790 expulsos
650 1717 726 1790 agris
754 1715 890 1771 finitimos
915 1713 1025 1782 cedere,
1051 1729 1145 1787 neque

157 1799 334 1890 quemquam
362 1831 453 1888 prope
482 1814 587 1871 audere
616 1814 790 1883 consistere3
827 1811 912 1868 simul
939 1810 996 1868 hoc
1024 1828 1055 1868 se
1084 1809 1146 1866 fore

156 1911 274 1968 tutiores
303 1911 480 1982 arbitrantur,
506 1911 672 1986 repentinae
699 1909 870 1968 incursionis
897 1909 999 1966 timore
1024 1907 1144 1966 sublato.

158 2007 234 2075 Cum
258 2009 366 2066 bellum
389 2009 486 2067 civitas
511 2019 559 2066 aut
578 2009 686 2065 illatum
712 2007 840 2064 defendit
860 2015 908 2064 aut
929 2005 1020 2070 infert,
1039 2006 1145 2081 magis·

155 2115 254 2177 tratus,
287 2107 336 2182 qui
365 2105 391 2163 ei
419 2106 495 2164 bello
523 2105 658 2180 praesint,
686 2113 718 2162 ut
745 2105 818 2162 vitae
851 2104 988 2179 necisque
1019 2103 1146 2162 habeant

112 2238 142 2272 20
155 2215 337 2282 potestatem,
380 2203 550 2279 deliguntur.
591 2203 627 2261 In
666 2222 738 2280 pace
773 2203 868 2261 nullus
906 2212 949 2261 est
983 2204 1146 2262 communis

155 2303 347 2378 magistratus,
373 2302 424 2360 sed
448 2301 593 2378 principes
617 2303 771 2376 regionum
795 2311 882 2377 atque
906 2319 1048 2377 pagorum
1073 2301 1146 2358 inter

156 2421 225 2462 suos
267 2403 312 2460 ius
354 2401 452 2458 dicunt
493 2401 758 2475 controversiasque
798 2400 939 2457 minuunt.
981 2399 1146 2457 Latrocinia

155 2501 264 2558 nullam
282 2499 389 2556 habent
408 2498 563 2569 infamiam,
584 2516 658 2573 quae
676 2507 756 2555 extra
775 2497 846 2555 fines
869 2499 1008 2574 cuiusque
1026 2498 1145 2557 civitatis

156 2597 236 2668 fiunt,
265 2606 350 2672 atque
378 2616 413 2655 ea
432 2596 585 2654 iuventutis
613 2595 790 2652 exercendae
811 2612 845 2651 ac
866 2592 993 2652 desidiae
1013 2595 1145 2652 minuen-

112 2725 140 2774 ²5
156 2695 210 2752 dae
231 2711 318 2752 causa
339 2693 398 2750 fieri
419 2693 593 2768 praedicant.
635 2691 731 2768 Atque
755 2692 804 2748 ubi
826 2693 890 2768 quis
912 2708 947 2750 ex
968 2692 1145 2768 principibus

158 2793 188 2848 in
204 2791 328 2850 concilio
343 2791 413 2849 dixit
427 2809 458 2847 se
473 2790 578 2846 ducem
593 2789 662 2858 fore,
678 2789 727 2864 qui
745 2789 825 2864 sequi
839 2789 933 2860 velint,
948 2790 1144 2865 profiteantur,

156 2897 335 2964 consurgunt
355 2887 382 2957 ii,
398 2887 447 2962 qui
466 2896 493 2943 et
508 2903 625 2943 causam
639 2895 667 2942 et
686 2883 834 2944 hominem
848 2886 981 2961 probant,
1002 2905 1144 2963 suumque

155 2987 290 3044 auxilium
300 2985 468 3059 pollicentur
478 2993 562 3057 atque
572 2983 609 3040 ab
617 2983 797 3040 multitudine
812 2983 1027 3041 collaudantur:
1047 2986 1144 3060 quiex

155 3085 199 3142 his
221 3083 310 3142 secuti
332 3098 392 3138 non
414 3091 488 3150 sunt,
509 3079 540 3136 in
561 3078 739 3137 desertorum
760 3097 794 3137 ac
819 3081 998 3154 proditorum
1020 3101 1144 3143 numero

109 3201 141 3248 30
155 3183 305 3249 ducuntur,
335 3177 524 3252 omniumque
552 3176 597 3235 his
624 3195 720 3234 rerum
748 3186 851 3252 postea
878 3178 950 3236 fides
979 3179 1142 3255 derogatur.

154 3279 313 3356 Hospitem
333 3276 438 3334 violare
456 3275 499 3334 fas
521 3294 581 3333 non
601 3285 704 3352 putant
715 3294 722 3347 ;
745 3276 794 3350 qui
811 3293 925 3350 quaque
947 3277 982 3334 de
1004 3296 1091 3336 causa
1105 3281 1142 3338 ad

154 3396 206 3436 cos
229 3384 374 3442 venerunt,
397 3375 439 3431 ab
454 3374 556 3432 iniuria
576 3373 737 3451 prohibent,
763 3383 878 3431 sanctos
903 3373 1018 3444 habent,
1039 3375 1142 3450 hisque

153 3474 284 3535 omnium
313 3471 416 3530 domus
443 3483 543 3550 patent
568 3473 716 3549 victusque
744 3472 980 3532 communicatur.
1022 3478 1073 3534 24.
1095 3473 1141 3532 Ac
