2634 3914
184 173 244 260 138
513 190 541 238 c.
563 191 657 237 rurrr
677 189 849 238 cnrsnrrrs
1117 191 1174 244 vu.

182 347 253 396 rent.
295 336 331 396 Id
355 357 427 398 eane
456 337 492 397 de
518 355 613 409 causa,
638 357 727 415 quarn
753 338 855 415 legatis
883 338 1113 415 pronuntiarunt,
1137 359 1175 399 an

182 435 302 512 perfidia
332 437 449 496 adducti
480 436 606 508 fecerint,
635 436 716 513 quod
746 437 816 495 nihil
847 437 933 496 nobis
966 448 1086 510 constat,
1114 455 1175 497 non

181 534 292 592 videtur
326 551 379 611 pro
412 545 490 594 certo
521 552 586 593 esse
620 535 853 611 proponendum.
895 533 1038 611 Bituriges
1072 553 1174 594 eorum

182 631 312 690 discessu
326 632 422 691 statim
437 650 503 691 cum
517 633 652 691 Arvernis
666 633 832 708 iunguntur.

154 751 167 801 5
222 735 252 787 6.
274 728 330 788 His
355 731 442 788 rebus
465 730 496 787 in
520 729 632 788 Italiam
656 731 773 790 Caesari
793 729 938 801 nuntiatis
961 748 1028 790 cum
1048 731 1107 790 iam
1127 731 1173 790 ille

182 827 306 885 urbanas
327 845 373 885 res
394 827 494 884 virtute
516 825 592 885 Gnei
614 826 735 902 Pompei
760 828 989 886 commodiorem
1014 829 1044 886 in
1067 837 1173 888 statum

182 924 346 999 pervenisse
368 923 552 1000 intellegeret,
578 924 608 982 in
630 923 855 1001 Transalpinam
879 924 1003 984 Galliam
1027 925 1174 1002 profectus

182 1031 234 1080 est.
288 1021 334 1080 Eo
355 1040 423 1081 cum
443 1022 576 1092 venisset,
597 1039 706 1098 magna
727 1023 891 1082 difficultate
914 1023 1096 1095 afficiebatur,
1115 1042 1173 1100 qua

181 1119 291 1178 ratione
315 1119 353 1178 ad
380 1119 539 1178 exercitum
565 1121 715 1195 pervenire
736 1130 845 1197 posset.
888 1120 967 1180 Nam
990 1122 1014 1179 si
1041 1121 1172 1197 legiones

139 1249 169 1284 ro
182 1217 212 1274 in
226 1217 404 1293 provinciam
418 1226 582 1288 arcesseret,
595 1235 629 1275 se
648 1219 767 1277 absente
781 1219 811 1276 in
824 1219 924 1278 itinere
943 1219 1054 1294 proelio
1072 1219 1172 1278 dimic-

182 1325 278 1374 aturas
302 1315 486 1390 intellegebat
493 1333 501 1388 ;
531 1315 555 1374 si
578 1315 641 1390 ipse
666 1315 704 1374 ad
728 1317 886 1376 exercitum
914 1316 1110 1388 contenderet,
1134 1336 1172 1376 ne

182 1414 216 1472 iis
235 1413 353 1490 quidem
372 1430 409 1471 eo
427 1423 568 1488 tempore,
583 1413 632 1490 qui
653 1414 740 1490 quieti
759 1415 930 1486 viderentur,
948 1415 1172 1498 suam'salutem

182 1522 260 1570 recte
281 1510 422 1570 committi
442 1511 564 1570 videbat
608 1517 636 1572 ’1.
657 1511 777 1570 Interim
799 1511 950 1570 Lucterius
971 1512 1121 1572 Cadurcus
1143 1515 1173 1572 in

184 1609 316 1666 Rutenos
343 1608 448 1667 missus
475 1626 541 1666 eam
568 1608 710 1666 civitatem
736 1609 872 1668 Arvernis
906 1611 1046 1670 conciliat.
1102 1611 1172 1668 Pro·

140 1734 167 1782 15
183 1723 298 1780 gressus
312 1705 342 1763 in
357 1705 544 1781 Nitiobroges
559 1715 587 1764 et
602 1704 731 1766 Gabalos
745 1707 782 1764 ab
795 1708 923 1783 utrisque
937 1708 1054 1767 obsides
1069 1709 1173 1784 accipit

183 1814 212 1862 et
238 1821 346 1880 magna
373 1813 476 1862 coacta
502 1821 591 1862 manu
618 1804 650 1861 in
676 1805 854 1879 provinciam
881 1805 1050 1864 Narbonem
1074 1825 1173 1866 versus

183 1903 364 1977 eruptionem
381 1901 476 1960 facere
496 1901 653 1960 contendit.
695 1900 762 1974 Qua
782 1920 814 1962 re
834 1905 965 1962 nuntiata
984 1903 1091 1963 Caesar
1109 1922 1173 1965 om-

182 2001 268 2057 nibus
283 1999 409 2058 consiliis
422 1998 660 2058 antevertendum
674 1999 852 2072 existimavit,
866 2011 899 2059 ut
915 2001 1086 2060 Narbonem
1105 2019 1173 2078 pro-

183 2098 363 2156 ficisceretur.
404 2097 450 2154 Eo
469 2114 536 2154 cum
555 2098 688 2166 venisset,
702 2098 837 2156 timentes
857 2099 1016 2168 confirmat,
1031 2100 1174 2174 praesidia

139 2227 170 2261 20
182 2197 212 2254 in
241 2195 364 2254 Rutenis
390 2195 620 2272 provincialibus,
649 2194 750 2254 Volcis
773 2196 960 2267 Arecomicis,
985 2195 1174 2255 Tolosatibus

183 2295 348 2369 circumque
376 2292 555 2364 Narbonem,
585 2311 659 2370 quae
686 2293 752 2352 loca
777 2293 909 2352 hostibus
937 2303 1019 2352 erant
1045 2294 1174 2365 finitima,

184 2392 337 2460 constituit,
353 2400 465 2466 partem
485 2392 633 2466 copiarum
652 2411 689 2450 ex
707 2393 854 2467 provincia
873 2392 1173 2469 supplementumque,

183 2489 264 2567 quod
278 2508 314 2546 ex
334 2488 416 2546 Italia
436 2489 602 2559 adduxerat,
619 2490 649 2546 in
667 2489 798 2560 Helvios,
813 2490 863 2565 qui
885 2491 956 2548 fines
978 2489 1174 2548 Arvernorum
1191 2549 1193 2552 .

184 2588 363 2662 contingunt,
386 2588 538 2644 convenire
562 2587 650 2646 iubet.
692 2593 721 2645 8.
744 2586 801 2646 His
824 2590 910 2646 rebus
934 2588 1109 2664 comparatis
1130 2607 1175 2646 re·

140 2711 169 2759 ²5
184 2703 285 2762 presso
304 2685 362 2742 iam
380 2683 514 2744 Lucterio
534 2693 562 2742 et
580 2693 701 2756 remot0,
717 2685 797 2761 quod
815 2685 919 2744 intrare
939 2685 1013 2743 intra
1031 2685 1176 2760 praesidia

183 2783 377 2861 periculosum
405 2784 532 2858 putabat,
555 2783 585 2840 in
614 2782 736 2842 Helvios
762 2783 958 2860 proficiscitur.
1000 2782 1062 2840 Etsi
1086 2800 1175 2841 mons

184 2883 330 2953 Cevenna,
349 2881 398 2958 qui
416 2881 563 2939 Arvernos
582 2882 619 2940 ab
639 2880 749 2940 Helviis
769 2881 909 2952 discludit,
928 2880 1081 2940 durissimo
1100 2889 1175 2939 tem-

183 2999 254 3058 pore
269 2979 337 3037 anni
350 2979 487 3037 altissima
501 2979 565 3036 nive
576 2978 629 3036 iter
648 2978 833 3055 impediebat,
847 2987 945 3036 tamen
960 2978 1091 3036 discussa
1108 2977 1175 3036 nive

183 3097 234 3138 sex
256 3079 286 3135 in
307 3077 487 3135 altitudinem
507 3075 615 3151 pedum
638 3086 724 3151 atque
750 3077 789 3134 ita
810 3076 862 3134 viis
885 3075 1035 3152 patefactis
1057 3093 1174 3134 summo

139 3199 170 3248 30
183 3177 305 3235 militrun
324 3175 430 3233 sudore
450 3173 488 3231 ad
507 3174 579 3232 lines
596 3172 790 3231 Arvernorum
808 3173 944 3248 pervenit.
987 3171 1101 3243 Quibus
1120 3191 1174 3248 op-

183 3275 289 3353 pressis
314 3272 538 3349 inopinantibus,
564 3271 644 3347 quod
668 3289 699 3329 se
722 3269 859 3329 Cevenna
882 3280 914 3328 ut
937 3289 1021 3329 muro
1046 3271 1174 3328 munitos

183 3375 393 3442 existimabant,
416 3390 450 3430 ac
474 3389 512 3428 ne
537 3370 673 3446 singulari
698 3369 814 3446 quidem
839 3387 978 3446 umquam
1002 3368 1112 3426 homini
1136 3387 1174 3427 eo

183 3483 314 3550 ternpore
334 3470 401 3530 anni
420 3470 538 3530 semitae
556 3478 715 3546 patuerant,
731 3468 873 3545 equitibus
895 3469 1024 3544 imperat,
1040 3475 1174 3544 utquam
