2606 3934
201 187 242 275 38
529 205 558 254 c.
581 206 675 254 rurrr
697 205 869 255 cursurus
1154 213 1192 258 11.

201 367 423 433 commeatuque
435 367 550 417 nostros
562 359 753 434 prohiberent.
795 364 844 417 10.
868 357 975 417 Caesar
989 359 1092 418 certior
1102 360 1193 419 factus

200 456 237 512 ab
262 456 374 515 Titurio
396 474 515 514 ornnem
540 456 697 531 equitatum
718 465 746 514 et
769 455 839 514 letis
859 465 1019 514 armaturae
1041 456 1191 528 Numidas

198 550 358 614 funditores
393 554 612 629 sagittariosque
646 562 766 630 pontem
797 554 920 613 traducit
951 564 1037 630 atque
1070 555 1107 614 ad
1141 573 1192 614 eos

198 654 356 712 contendit.
397 652 510 711 Acriter
546 653 576 709 in
596 670 646 711 ¹eo
681 653 748 711 loco
785 662 947 729 pugnatum
985 663 1037 712 est.
1081 653 1191 713 Hostes

169 751 353 827 5impeditos
390 752 480 810 nostri
516 752 547 808 in
584 750 702 810 flumine
741 752 870 827 aggressi
911 769 1053 827 magnum
1091 770 1191 811 eorum

197 866 352 906 numerum
379 850 563 908 occidemnt:
592 867 644 924 per
672 867 772 907 eorum
798 867 922 925 corpora
949 849 1074 926 reliquos
1103 850 1192 908 auda·

197 947 312 1004 cissime
333 947 451 1005 transire
472 955 613 1005 conantes
634 947 816 1005 multitudine
839 947 962 1005 telorum
986 947 1174 1023 reppulerunt
1181 967 1189 1019 ;

196 1046 314 1119 primos,
334 1047 383 1122 qui
404 1047 580 1118 transierant,
601 1047 729 1122 equitatu
748 1047 959 1105 circumventos
976 1047 1189 1106 interfecerunt.

197 1141 308 1201 Hostes
329 1144 378 1201 ubi
397 1152 426 1202 et
446 1143 482 1202 de
504 1145 702 1220 expugnando
722 1145 833 1221 oppido
853 1153 882 1203 et
901 1144 938 1203 de
956 1143 1075 1203 flumine
1096 1154 1191 1204 trans·

155 1264 183 1298 10
196 1241 293 1299 eundo
321 1260 403 1318 spem
435 1260 466 1301 se
494 1242 629 1301 fefellisse
660 1242 861 1300 intellexeruut
888 1261 984 1319 neque
1012 1253 1128 1304 nostros
1159 1245 1190 1302 in

194 1340 292 1398 locum
313 1341 485 1416 iniquiorem
505 1339 643 1416 progredi
663 1339 814 1416 pugnandi
835 1358 924 1398 causa
944 1341 1083 1412 viderunt,
1104 1351 1190 1418 atque

182 1421 275 1512 ¹ipsos
303 1455 349 1495 res
376 1437 562 1495 frumentaria
590 1436 713 1494 deficere
742 1437 848 1512 coepit,
875 1438 999 1496 concilio
1027 1449 1189 1522 convocato

196 1536 404 1593 constituerunt
423 1535 563 1610 optimum
584 1552 657 1605 esse,
677 1534 797 1592 domum
819 1553 900 1592 suam
921 1553 1066 1612 quemque
1085 1538 1189 1594 reverti

196 1642 232 1704 et,
266 1651 388 1709 quorum
422 1633 452 1690 in
483 1633 555 1691 fines
589 1633 715 1709 primum
746 1632 874 1690 Romani
909 1634 1066 1692 exercitum
1100 1635 1189 1693 intro·

152 1751 181 1800 15
197 1730 355 1802 duxissent,
388 1731 426 1788 ad
457 1748 509 1789 eos
540 1730 741 1789 defendendos
775 1731 903 1806 undique
933 1733 1128 1804 convenirent,
1158 1744 1190 1792 ut

196 1829 292 1904 potius
326 1829 357 1886 in
392 1830 450 1888 suis
486 1847 573 1906 quarn
607 1830 637 1886 in
672 1829 771 1888 alienis
807 1828 913 1887 finibus
948 1829 1126 1888 decertarent
1161 1841 1191 1888 et

196 1917 370 1987 domesticis'
397 1928 489 2004 copiis
526 1929 567 1986 rei
602 1928 804 1986 frumentariae
839 1936 993 1986 uterentur.
1036 1929 1084 1987 Ad
1123 1949 1190 1989 eam

195 2028 366 2085 sententiam
398 2045 465 2085 cum
499 2027 615 2102 reliquis
647 2027 741 2085 causis
772 2026 845 2085 haec
880 2045 998 2103 quoque
1032 2028 1104 2086 ratio
1135 2047 1190 2088 eos

194 2125 319 2198 deduxit,
332 2125 411 2201 quod
422 2125 596 2182 Divitiacum
612 2133 698 2200 atque
713 2125 833 2183 Aeduos
848 2125 953 2183 finibus
968 2124 1190 2184 Bellovacorum

130 2229 181 2274 '20
193 2223 425 2300 appropinquare
464 2232 671 2298 cognoverant.
714 2221 770 2280 His
804 2223 980 2298 persuaderi,
1016 2233 1047 2282 ut
1082 2225 1190 2283 diutius

193 2331 373 2379 morarentur
386 2339 482 2397 neque
497 2320 556 2378 suis
571 2319 707 2377 auxilium
717 2318 831 2391 ferrent,
842 2337 903 2378 non
917 2330 1037 2396 poterat.
1080 2328 1121 2380 11.
1143 2322 1192 2380 Ea

193 2437 224 2477 re
239 2420 394 2478 constituta
407 2419 539 2477 secunda
560 2417 654 2492 vigilia
671 2434 778 2490 magno
799 2435 865 2475 cum
883 2419 1002 2494 strepitu
1017 2437 1050 2477 ac
1064 2421 1191 2478 tumultu

194 2517 294 2574 castris
316 2515 424 2590 egressi
446 2513 524 2572 nullo
547 2523 625 2571 certo
646 2512 747 2570 ordine
768 2532 863 2590 neque
887 2515 1018 2590 imperi0‚
1040 2534 1107 2574 cum
1133 2517 1191 2575 sibi

194 2614 316 2690 quisque
335 2613 460 2687 primum
479 2610 586 2667 itineris
605 2609 702 2668 locum
721 2621 831 2686 peteret
852 2620 881 2669 et
900 2612 1020 2670 domum
1038 2615 1192 2688 pervenire

151 2725 180 2775 25
194 2718 368 2785 properaret,
389 2707 525 2778 fecerunt,
544 2717 576 2765 ut
595 2709 752 2767 consimilis
769 2709 855 2784 fugae
872 2709 1014 2785 profectio
1035 2712 1190 2772 videretur.

194 2807 261 2866 Hac
291 2826 322 2865 re
353 2807 447 2866 statim
476 2804 583 2864 Caesar
613 2825 665 2882 per
696 2807 890 2882 speculatores
921 2811 1038 2884 cognita
1068 2809 1192 2870 iusidias

193 2908 306 2978 veritus,
319 2906 405 2982 quod,
421 2923 479 2980 qua
494 2905 529 2962 de
541 2924 629 2963 causa
644 2905 833 2977 discederent,
849 2909 981 2966 nondum
992 2921 1192 2984 perspexerat,
1272 2949 1273 2960 .

193 3007 349 3065 exercitum
371 3003 587 3079 equitatumque
609 3003 708 3061 castris
730 3005 880 3063 continuit.
922 3005 1020 3064 Prima
1036 3007 1100 3064 luce
1115 3025 1193 3065 con-

193 3105 304 3162 firmata
326 3121 357 3160 re
379 3103 416 3159 ab
437 3101 666 3176 exploratoribus
687 3118 806 3159 ornnem
828 3103 995 3177 equitatum,
1018 3105 1067 3180 qui
1089 3105 1194 3164 novis-

149 3218 180 3264 30
194 3205 299 3262 simum
318 3218 424 3276 agmen
443 3207 610 3268 moraretur,
625 3199 779 3273 praemisit.
821 3199 877 3259 His
899 3201 1041 3272 Quintum
1062 3202 1194 3264 Pedium
1271 3209 1272 3222 ¹

194 3311 223 3359 et
240 3300 362 3358 Lucium
380 3296 608 3354 Aurunculeium
627 3296 743 3354 Cottam
763 3298 874 3373 legatos
893 3299 1038 3374 praefecit.
1083 3300 1195 3361 Titum

194 3398 355 3455 Labienum
381 3396 508 3470 legatum
533 3412 599 3451 cum
627 3395 788 3469 legionibus
816 3397 905 3454 tribus
929 3397 1064 3474 subsequi
1092 3399 1194 3460 iussit.
1270 3477 1271 3480 Ἴ

196 3495 238 3553 Ηί
268 3493 437 3552 novissimos
469 3493 562 3552 adorti
593 3502 621 3552 et
648 3493 739 3552 multa
766 3494 844 3552 milia
870 3513 1009 3571 passuum
1037 3501 1196 3573 prosecuti
1270 3487 1271 3495 ἵ
