2606 3934
174 200 218 264 44
497 202 527 251 ο.
549 203 643 250 rurrr
668 202 841 253 cassarent
1132 205 1171 251 11.

174 348 344 410 lassitudine
373 352 555 413 exanimatos
585 353 807 430 vulneribusque
836 352 986 412 coniectos
1017 351 1172 413 Atrebates

177 446 259 525 (nam
277 448 322 508 his
342 467 378 507 ea
397 468 466 525 pars
487 452 657 524 obvenerat)
679 453 808 512 celeriter
828 470 864 510 ex
884 451 952 510 loco
974 451 1122 527 superiore
1141 451 1172 508 in

175 546 285 606 flumen
313 547 516 623 compulenmt
543 559 572 608 et
598 550 719 608 transire
747 558 887 609 conantes
918 550 1041 608 insecuti
1068 548 1172 632 gladiis

176 663 314 721 magnam
328 655 440 721 partem
455 664 556 706 eorum
573 649 741 724 impeditam
757 648 971 708 interfecerunt.
1012 647 1074 724 Ipsi
1093 658 1172 706 tran-

148 756 162 807 5
177 745 231 802 sire
244 743 354 802 flumen
373 763 434 803 non
454 745 654 804 dubitaverunt
673 756 702 806 et
721 747 862 806 inlocum
877 747 1008 822 iniquum
1023 747 1171 823 progressi

176 860 273 900 rursus
304 843 469 902 resistentes
502 843 601 904 hostes
636 845 829 922 redintegrato
861 845 972 921 proelio
1007 845 1038 904 in
1070 845 1171 920 sugam

177 942 371 1002 coniecerunt.
412 941 487 1001 Item
514 943 570 1001 alia
600 944 630 1002 in
657 953 738 1020 parte
767 943 895 1002 diversae
923 943 997 1002 duae
1029 943 1170 1018 legiones,

176 1039 330 1098 undecima
360 1050 389 1099 et
422 1051 532 1112 octava,
560 1042 720 1118 profligatis
750 1041 967 1112 Viromanduis,
996 1041 1171 1117 quibuscum

177 1147 258 1196 erant
281 1138 438 1213 congressi,
463 1157 499 1196 ex
523 1138 590 1197 loco
615 1139 772 1214 superiore,
793 1139 824 1197 in
851 1139 922 1216 ipsis
946 1139 1073 1197 fluminis
1100 1140 1171 1214 ripis

90 1307 92 1312 Ι
134 1247 164 1282 10
177 1237 396 1312 proeliabantur.
437 1234 478 1294 At
496 1237 565 1294 totis
584 1235 643 1295 sere
660 1255 678 1294 a
697 1237 791 1295 fronte
805 1237 842 1296 ad
862 1247 890 1294 et
904 1238 941 1294 ab
961 1237 1075 1295 sinistra
1088 1247 1170 1312 parte

176 1334 290 1393 nudatis
304 1334 413 1406 cestrie,
428 1352 495 1393 cum
514 1334 545 1393 in
564 1335 665 1393 dextro
680 1352 771 1393 cornu
787 1333 864 1410 legio
879 1333 1053 1392 duodecima
1066 1343 1095 1391 et
1108 1351 1170 1392 non

176 1451 285 1508 magno
307 1434 345 1491 ab
365 1451 401 1492 ea
424 1433 571 1491 intervallo
593 1432 716 1509 septima
736 1432 921 1502 constitisset,
943 1449 1047 1489 omnes
1071 1429 1170 1488 Nervii

177 1530 387 1589 confertissimo
399 1530 516 1607 agmine
531 1529 604 1588 duee
618 1528 823 1605 Boduognato,
835 1531 885 1606 qui
900 1547 1044 1588 summam
1058 1529 1171 1604 imperii

177 1628 302 1698 tenebat,
322 1629 446 1688 adeum
467 1627 564 1686 locum
583 1628 794 1686 contenderunt
804 1647 814 1700 ;
837 1645 961 1704 quorum
981 1643 1048 1702 pars
1069 1634 1170 1701 aperto

135 1735 164 1786 Ι5
175 1730 266 1786 latere
281 1726 411 1802 legiones
425 1726 639 1796 circumvenire,
653 1743 721 1800 pars
735 1743 880 1784 summum
895 1735 1054 1784 castrorum
1072 1725 1170 1784 iocum

179 1835 275 1903 petere
289 1825 395 1900 coepit.
451 1829 502 1882 24.
524 1824 638 1882 Eodem
653 1833 784 1898 tempore
805 1824 916 1900 equites
930 1823 1022 1883 nostri
1042 1823 1170 1899 levisque

179 1932 338 1984 armaturae
365 1922 485 1998 pedites,
511 1922 561 1998 qui
588 1939 656 1981 cum
683 1921 717 1978 iis
746 1939 804 1979 una
827 1920 947 1993 inerant,
972 1939 1047 1998 quos
1075 1921 1170 2000 primo

179 2021 306 2080 hostium
324 2020 434 2097 impetu
451 2020 550 2096 pulsos
568 2021 706 2090 dixeram,
722 2036 790 2076 cum
804 2036 835 2077 se
850 2018 881 2076 in
895 2028 988 2077 castra
1001 2019 1171 2094 reciperent,

179 2120 304 2179 adversis
331 2119 462 2178 hostibus
486 2120 677 2178 occurrebant
703 2136 738 2177 ac
766 2135 864 2176 rursus
891 2117 977 2176 aliam
1004 2117 1035 2176 in
1059 2128 1173 2194 partem

136 2230 166 2266 ²0
179 2219 277 2294 fugam
303 2219 448 2295 petebant,
476 2226 506 2275 at
532 2217 658 2287 calones,
687 2217 737 2292 qui
769 2217 806 2274 ab
834 2216 997 2274 decumana
1023 2225 1109 2291 porta
1136 2231 1173 2272 ac

179 2334 294 2375 summo
318 2316 388 2390 iugo
414 2315 494 2372 collis
518 2323 633 2372 nostros
660 2314 782 2372 victores
807 2314 916 2372 flumen
940 2313 1075 2372 transisse
1100 2330 1173 2371 con-

180 2420 342 2490 spexerant,
369 2411 528 2486 praedandi
560 2428 648 2468 causa
675 2411 792 2486 egressi,
821 2429 888 2469 cum
919 2411 1115 2487 respexissent
1143 2419 1175 2468 et

179 2513 278 2569 hostes
297 2511 328 2568 in
348 2509 454 2567 nostris
476 2508 575 2567 castris
595 2509 701 2566 versari
722 2508 866 2580 vidissent,
889 2509 1061 2585 praecipites
1085 2507 1175 2583 fugae

157 2627 244 2672 ¹sese
278 2607 466 2665 mandabant.
509 2606 600 2666 Simul
634 2625 743 2676 eorum,
775 2605 825 2681 qui
856 2624 923 2664 cum
958 2606 1176 2681 impedimentis

136 2715 166 2766 ²5
181 2707 340 2776 veniebant,
369 2705 477 2764 clamor
503 2705 689 2780 fremitusque
716 2705 869 2774 oriebatur,
895 2703 1000 2779 aliique
1028 2704 1112 2763 aliam
1141 2705 1175 2762 in

180 2813 290 2880 partem
305 2802 443 2880 perterriti
455 2802 626 2861 serebantur.
669 2801 783 2874 Quibus
797 2802 934 2861 omnibus
948 2804 1035 2861 rebus
1047 2802 1177 2878 permoti

180 2903 290 2978 equites
318 2902 445 2973 Treveri,
472 2919 595 2977 quorum
623 2901 696 2958 inter
723 2901 825 2960 Gallos
856 2901 965 2960 virtutis
997 2903 1097 2978 opinio
1128 2911 1178 2960 est

181 2999 340 3075 singularis,
362 3000 412 3075 qui
433 3000 529 3057 auxilii
550 3017 638 3057 causa
662 3000 699 3056 ab
720 2998 831 3056 civitate
853 2998 890 3056 ad
912 2996 1068 3056 Caesarem
1092 2999 1179 3056 missi

181 3108 325 3169 venerant,
346 3116 413 3156 cum
432 3097 614 3154 multitudine
633 3096 760 3154 hostium
779 3104 873 3154 castra
892 3096 1040 3171 compleri,
1060 3105 1179 3153 nostras

138 3205 170 3256 30
183 3197 310 3271 legiones
325 3195 417 3271 premi
432 3203 460 3252 et
474 3213 568 3270 paene
583 3195 790 3251 circumventas
804 3193 904 3264 teneri,
916 3193 1043 3264 caloneS,
1054 3193 1179 3268 equites,

183 3295 351 3364 funditores,
369 3293 513 3351 Numidas
533 3292 661 3350 diversos
681 3291 891 3366 dissipatosque
911 3292 941 3348 in
956 3309 1059 3350 omnes
1077 3301 1181 3367 partes

184 3391 283 3467 fugere
309 3391 454 3459 vidissent,
480 3389 637 3464 desperatis
662 3388 767 3445 nostris
794 3389 879 3446 rebus
907 3389 1029 3448 domum
1053 3399 1182 3447 conten-

186 3490 289 3548 derunt
296 3508 305 3562 ;
346 3488 497 3546 Romanos
531 3487 631 3563 pulsos
666 3493 882 3561 superatosque,
918 3488 1018 3546 castris
1053 3485 1183 3562 impedi-
