<?xml version="1.0" encoding="UTF-8"?>
<!DOCTYPE html PUBLIC "-//W3C//DTD XHTML 1.0 Transitional//EN"
    "http://www.w3.org/TR/xhtml1/DTD/xhtml1-transitional.dtd">
<html xmlns="http://www.w3.org/1999/xhtml" xml:lang="en" lang="en">
 <head>
  <title>
</title>
<meta http-equiv="Content-Type" content="text/html;charset=utf-8" />
  <meta name='ocr-system' content='tesseract 3.04.00' />
  <meta name='ocr-capabilities' content='ocr_page ocr_carea ocr_par ocr_line ocrx_word'/>
</head>
<body>
  <div class='ocr_page' id='page_1' title='image "./commentariescju01caesgoog_0123.png"; bbox 0 0 2634 3914; ppageno 0'>
   <div class='ocr_carea' id='block_1_1' title="bbox 190 237 1175 304">
    <p class='ocr_par' dir='ltr' id='par_1_1' title="bbox 190 237 1175 304">
     <span class='ocr_line' id='line_1_1' title="bbox 190 237 1175 304; baseline 0 -4"><span class='ocrx_word' id='word_1_1' title='bbox 190 237 229 301; x_wconf 93' lang='lat'>88</span> <span class='ocrx_word' id='word_1_2' title='bbox 515 254 543 304; x_wconf 87' lang='lat' dir='ltr'>o.</span> <span class='ocrx_word' id='word_1_3' title='bbox 568 253 857 302; x_wconf 63' lang='lat' dir='ltr'>rusticanorum</span> <span class='ocrx_word' id='word_1_4' title='bbox 1147 257 1175 301; x_wconf 84' lang='lat' dir='ltr'>v.</span> 
     </span>
    </p>
   </div>
   <div class='ocr_carea' id='block_1_2' title="bbox 158 401 1177 869">
    <p class='ocr_par' dir='ltr' id='par_1_2' title="bbox 158 401 1177 869">
     <span class='ocr_line' id='line_1_2' title="bbox 187 401 1176 480; baseline 0 -22"><span class='ocrx_word' id='word_1_5' title='bbox 187 401 304 460; x_wconf 89' lang='lat' dir='ltr'>navium</span> <span class='ocrx_word' id='word_1_6' title='bbox 329 402 503 478; x_wconf 84' lang='lat' dir='ltr'>perterritae,</span> <span class='ocrx_word' id='word_1_7' title='bbox 529 421 602 478; x_wconf 88' lang='lat' dir='ltr'>quae</span> <span class='ocrx_word' id='word_1_8' title='bbox 631 421 698 461; x_wconf 91' lang='lat' dir='ltr'>cum</span> <span class='ocrx_word' id='word_1_9' title='bbox 725 403 870 462; x_wconf 79' lang='lat' dir='ltr'><strong>annotinis</strong></span> <span class='ocrx_word' id='word_1_10' title='bbox 897 403 1080 480; x_wconf 88' lang='lat' dir='ltr'>privatisque,</span> <span class='ocrx_word' id='word_1_11' title='bbox 1106 419 1176 478; x_wconf 90' lang='lat' dir='ltr'>quas</span> 
     </span>
     <span class='ocr_line' id='line_1_3' title="bbox 187 500 1176 576; baseline 0 -20"><span class='ocrx_word' id='word_1_12' title='bbox 187 500 231 556; x_wconf 90' lang='lat' dir='ltr'>sui</span> <span class='ocrx_word' id='word_1_13' title='bbox 246 501 369 576; x_wconf 92' lang='lat' dir='ltr'>quisque</span> <span class='ocrx_word' id='word_1_14' title='bbox 385 501 532 559; x_wconf 89' lang='lat' dir='ltr'>commodi</span> <span class='ocrx_word' id='word_1_15' title='bbox 551 501 666 572; x_wconf 84' lang='lat' dir='ltr'>fecerat,</span> <span class='ocrx_word' id='word_1_16' title='bbox 681 501 803 576; x_wconf 88' lang='lat' dir='ltr'>amplius</span> <span class='ocrx_word' id='word_1_17' title='bbox 823 501 1006 576; x_wconf 82' lang='lat' dir='ltr'>octingentae</span> <span class='ocrx_word' id='word_1_18' title='bbox 1020 517 1080 557; x_wconf 93' lang='lat' dir='ltr'>uno</span> <span class='ocrx_word' id='word_1_19' title='bbox 1098 507 1176 557; x_wconf 89' lang='lat' dir='ltr'>erant</span> 
     </span>
     <span class='ocr_line' id='line_1_4' title="bbox 186 597 1177 674; baseline 0.002 -22"><span class='ocrx_word' id='word_1_20' title='bbox 186 597 263 654; x_wconf 91' lang='lat' dir='ltr'>visae</span> <span class='ocrx_word' id='word_1_21' title='bbox 280 607 421 674; x_wconf 92' lang='lat' dir='ltr'>tempore,</span> <span class='ocrx_word' id='word_1_22' title='bbox 439 616 457 655; x_wconf 87' lang='lat' dir='ltr'>a</span> <span class='ocrx_word' id='word_1_23' title='bbox 472 597 556 656; x_wconf 90' lang='lat' dir='ltr'>litore</span> <span class='ocrx_word' id='word_1_24' title='bbox 574 599 767 656; x_wconf 84' lang='lat' dir='ltr'>discesserant</span> <span class='ocrx_word' id='word_1_25' title='bbox 788 617 822 656; x_wconf 90' lang='lat' dir='ltr'>ac</span> <span class='ocrx_word' id='word_1_26' title='bbox 843 617 874 656; x_wconf 90' lang='lat' dir='ltr'>se</span> <span class='ocrx_word' id='word_1_27' title='bbox 893 598 924 654; x_wconf 92' lang='lat' dir='ltr'>in</span> <span class='ocrx_word' id='word_1_28' title='bbox 945 598 1094 672; x_wconf 89' lang='lat' dir='ltr'>superiora</span> <span class='ocrx_word' id='word_1_29' title='bbox 1114 597 1177 654; x_wconf 83' lang='lat' dir='ltr'>loca</span> 
     </span>
     <span class='ocr_line' id='line_1_5' title="bbox 186 679 1176 771; baseline -0.001 -20"><span class='ocrx_word' id='word_1_30' title='bbox 186 679 364 753; x_wconf 80' lang='lat' dir='ltr'>abdiderant.</span> <span class='ocrx_word' id='word_1_31' title='bbox 407 701 437 754; x_wconf 86' lang='grc'>9.</span> <span class='ocrx_word' id='word_1_32' title='bbox 461 694 569 753; x_wconf 89' lang='lat' dir='ltr'>Caesar</span> <span class='ocrx_word' id='word_1_33' title='bbox 597 696 730 771; x_wconf 83' lang='lat' dir='ltr'>exposito</span> <span class='ocrx_word' id='word_1_34' title='bbox 761 695 888 753; x_wconf 86' lang='lat' dir='ltr'>exercitu</span> <span class='ocrx_word' id='word_1_35' title='bbox 920 703 948 754; x_wconf 90' lang='lat' dir='ltr'>et</span> <span class='ocrx_word' id='word_1_36' title='bbox 980 695 1047 752; x_wconf 90' lang='lat' dir='ltr'>loco</span> <span class='ocrx_word' id='word_1_37' title='bbox 1078 695 1176 752; x_wconf 87' lang='lat' dir='ltr'>castris</span> 
     </span>
     <span class='ocr_line' id='line_1_6' title="bbox 158 791 1175 869; baseline 0.001 -21"><span class='ocrx_word' id='word_1_38' title='bbox 158 791 294 856; x_wconf 74' lang='lat' dir='ltr'>sidoneo</span> <span class='ocrx_word' id='word_1_39' title='bbox 316 803 410 868; x_wconf 87' lang='lat' dir='ltr'>captu,</span> <span class='ocrx_word' id='word_1_40' title='bbox 431 793 481 851; x_wconf 90' lang='lat' dir='ltr'>ubi</span> <span class='ocrx_word' id='word_1_41' title='bbox 506 812 541 850; x_wconf 89' lang='lat' dir='ltr'>ex</span> <span class='ocrx_word' id='word_1_42' title='bbox 567 793 685 869; x_wconf 91' lang='lat' dir='ltr'>captivis</span> <span class='ocrx_word' id='word_1_43' title='bbox 710 794 855 868; x_wconf 87' lang='lat' dir='ltr'>cognovit,</span> <span class='ocrx_word' id='word_1_44' title='bbox 877 810 936 867; x_wconf 93' lang='lat' dir='ltr'>quo</span> <span class='ocrx_word' id='word_1_45' title='bbox 962 793 992 849; x_wconf 93' lang='lat' dir='ltr'>in</span> <span class='ocrx_word' id='word_1_46' title='bbox 1017 793 1085 850; x_wconf 94' lang='lat' dir='ltr'>loco</span> <span class='ocrx_word' id='word_1_47' title='bbox 1109 792 1175 850; x_wconf 92' lang='lat' dir='ltr'>hos-</span> 
     </span>
    </p>
   </div>
   <div class='ocr_carea' id='block_1_3' title="bbox 143 890 1183 3608">
    <p class='ocr_par' dir='ltr' id='par_1_3' title="bbox 143 890 1183 3608">
     <span class='ocr_line' id='line_1_7' title="bbox 185 890 1176 966; baseline 0 -20"><span class='ocrx_word' id='word_1_48' title='bbox 185 891 257 948; x_wconf 89' lang='lat' dir='ltr'>tium</span> <span class='ocrx_word' id='word_1_49' title='bbox 282 892 384 966; x_wconf 88' lang='lat' dir='ltr'>copiae</span> <span class='ocrx_word' id='word_1_50' title='bbox 406 891 614 961; x_wconf 84' lang='lat' dir='ltr'>consedissent,</span> <span class='ocrx_word' id='word_1_51' title='bbox 636 890 803 948; x_wconf 90' lang='lat' dir='ltr'>cohortibus</span> <span class='ocrx_word' id='word_1_52' title='bbox 824 909 843 948; x_wconf 87' lang='lat' dir='ltr'>x</span> <span class='ocrx_word' id='word_1_53' title='bbox 864 890 901 947; x_wconf 84' lang='lat' dir='ltr'>ad</span> <span class='ocrx_word' id='word_1_54' title='bbox 921 909 1000 948; x_wconf 86' lang='lat' dir='ltr'>mare</span> <span class='ocrx_word' id='word_1_55' title='bbox 1022 890 1125 948; x_wconf 91' lang='lat' dir='ltr'>relictis</span> <span class='ocrx_word' id='word_1_56' title='bbox 1149 899 1176 946; x_wconf 92' lang='lat' dir='ltr'>et</span> 
     </span>
     <span class='ocr_line' id='line_1_8' title="bbox 185 987 1176 1064; baseline -0.002 -18"><span class='ocrx_word' id='word_1_57' title='bbox 185 989 329 1063; x_wconf 86' lang='lat' dir='ltr'>equitibus</span> <span class='ocrx_word' id='word_1_58' title='bbox 351 1004 413 1059; x_wconf 85' lang='lat' dir='ltr'>cco,</span> <span class='ocrx_word' id='word_1_59' title='bbox 431 989 480 1064; x_wconf 96' lang='lat' dir='ltr'>qui</span> <span class='ocrx_word' id='word_1_60' title='bbox 501 989 645 1064; x_wconf 88' lang='lat' dir='ltr'>praesidio</span> <span class='ocrx_word' id='word_1_61' title='bbox 663 989 783 1046; x_wconf 91' lang='lat' dir='ltr'>navibus</span> <span class='ocrx_word' id='word_1_62' title='bbox 804 998 910 1059; x_wconf 87' lang='lat' dir='ltr'>essent,</span> <span class='ocrx_word' id='word_1_63' title='bbox 928 988 964 1046; x_wconf 89' lang='lat' dir='ltr'>de</span> <span class='ocrx_word' id='word_1_64' title='bbox 981 989 1065 1046; x_wconf 90' lang='lat' dir='ltr'>tertia</span> <span class='ocrx_word' id='word_1_65' title='bbox 1083 987 1176 1060; x_wconf 88' lang='lat' dir='ltr'>vigilia</span> 
     </span>
     <span class='ocr_line' id='line_1_9' title="bbox 185 1087 1176 1163; baseline 0.001 -20"><span class='ocrx_word' id='word_1_66' title='bbox 185 1087 223 1144; x_wconf 92' lang='lat' dir='ltr'>ad</span> <span class='ocrx_word' id='word_1_67' title='bbox 249 1087 348 1144; x_wconf 88' lang='lat' dir='ltr'>hostes</span> <span class='ocrx_word' id='word_1_68' title='bbox 377 1087 525 1144; x_wconf 91' lang='lat' dir='ltr'>contendit</span> <span class='ocrx_word' id='word_1_69' title='bbox 532 1107 540 1159; x_wconf 89' lang='lat'>;</span> <span class='ocrx_word' id='word_1_70' title='bbox 561 1105 597 1144; x_wconf 91' lang='lat' dir='ltr'>eo</span> <span class='ocrx_word' id='word_1_71' title='bbox 617 1087 713 1144; x_wconf 89' lang='lat' dir='ltr'>minus</span> <span class='ocrx_word' id='word_1_72' title='bbox 740 1087 846 1144; x_wconf 89' lang='lat' dir='ltr'>veritus</span> <span class='ocrx_word' id='word_1_73' title='bbox 879 1087 1008 1157; x_wconf 73' lang='lat' dir='ltr'>navibus</span> <span class='ocrx_word' id='word_1_74' title='bbox 1040 1087 1120 1163; x_wconf 94' lang='lat' dir='ltr'>quod</span> <span class='ocrx_word' id='word_1_75' title='bbox 1147 1087 1176 1144; x_wconf 94' lang='lat' dir='ltr'>in</span> 
     </span>
     <span class='ocr_line' id='line_1_10' title="bbox 185 1183 1176 1264; baseline 0.001 -24"><span class='ocrx_word' id='word_1_76' title='bbox 185 1184 268 1242; x_wconf 88' lang='lat' dir='ltr'>litore</span> <span class='ocrx_word' id='word_1_77' title='bbox 295 1184 374 1242; x_wconf 90' lang='lat' dir='ltr'>molli</span> <span class='ocrx_word' id='word_1_78' title='bbox 402 1193 488 1258; x_wconf 91' lang='lat' dir='ltr'>atque</span> <span class='ocrx_word' id='word_1_79' title='bbox 516 1193 616 1259; x_wconf 89' lang='lat' dir='ltr'>aperto</span> <span class='ocrx_word' id='word_1_80' title='bbox 645 1183 783 1258; x_wconf 81' lang='lat' dir='ltr'>deligatas</span> <span class='ocrx_word' id='word_1_81' title='bbox 812 1184 849 1264; x_wconf 87' lang='lat' dir='ltr'>ad</span> <span class='ocrx_word' id='word_1_82' title='bbox 873 1201 1012 1242; x_wconf 88' lang='lat' dir='ltr'>ancoram</span> <span class='ocrx_word' id='word_1_83' title='bbox 1035 1185 1176 1260; x_wconf 87' lang='lat' dir='ltr'>relinque·</span> 
     </span>
     <span class='ocr_line' id='line_1_11' title="bbox 143 1279 1176 1357; baseline 0.001 -19"><span class='ocrx_word' id='word_1_84' title='bbox 143 1296 173 1331; x_wconf 88' lang='lat'>10</span> <span class='ocrx_word' id='word_1_85' title='bbox 185 1281 243 1351; x_wconf 85' lang='lat' dir='ltr'>bat,</span> <span class='ocrx_word' id='word_1_86' title='bbox 265 1291 294 1338; x_wconf 92' lang='lat' dir='ltr'>et</span> <span class='ocrx_word' id='word_1_87' title='bbox 312 1281 457 1356; x_wconf 89' lang='lat' dir='ltr'>praesidio</span> <span class='ocrx_word' id='word_1_88' title='bbox 477 1282 598 1339; x_wconf 89' lang='lat' dir='ltr'>navibus</span> <span class='ocrx_word' id='word_1_89' title='bbox 623 1279 900 1352; x_wconf 82' lang='lat' dir='ltr'>QuintumAtrium</span> <span class='ocrx_word' id='word_1_90' title='bbox 921 1282 1067 1357; x_wconf 85' lang='lat' dir='ltr'>praefecit.</span> <span class='ocrx_word' id='word_1_91' title='bbox 1110 1281 1176 1357; x_wconf 90' lang='lat' dir='ltr'>Ipse</span> 
     </span>
     <span class='ocr_line' id='line_1_12' title="bbox 185 1380 1178 1456; baseline 0.002 -19"><span class='ocrx_word' id='word_1_92' title='bbox 185 1389 274 1438; x_wconf 89' lang='lat' dir='ltr'>noctu</span> <span class='ocrx_word' id='word_1_93' title='bbox 293 1398 463 1456; x_wconf 87' lang='lat' dir='ltr'>progressus</span> <span class='ocrx_word' id='word_1_94' title='bbox 484 1380 565 1438; x_wconf 85' lang='lat' dir='ltr'>milia</span> <span class='ocrx_word' id='word_1_95' title='bbox 580 1397 720 1456; x_wconf 88' lang='lat' dir='ltr'>passuum</span> <span class='ocrx_word' id='word_1_96' title='bbox 736 1381 847 1438; x_wconf 88' lang='lat' dir='ltr'>circiter</span> <span class='ocrx_word' id='word_1_97' title='bbox 864 1397 911 1436; x_wconf 87' lang='lat' dir='ltr'>x11</span> <span class='ocrx_word' id='word_1_98' title='bbox 928 1381 1056 1438; x_wconf 92' lang='lat' dir='ltr'>hostiurn</span> <span class='ocrx_word' id='word_1_99' title='bbox 1078 1381 1178 1456; x_wconf 88' lang='lat' dir='ltr'>copias</span> 
     </span>
     <span class='ocr_line' id='line_1_13' title="bbox 186 1478 1177 1555; baseline 0 -19"><span class='ocrx_word' id='word_1_100' title='bbox 186 1479 374 1555; x_wconf 91' lang='lat' dir='ltr'>conspicatus</span> <span class='ocrx_word' id='word_1_101' title='bbox 407 1489 457 1537; x_wconf 91' lang='lat' dir='ltr'>est.</span> <span class='ocrx_word' id='word_1_102' title='bbox 501 1479 546 1536; x_wconf 90' lang='lat' dir='ltr'>Illi</span> <span class='ocrx_word' id='word_1_103' title='bbox 573 1479 701 1554; x_wconf 89' lang='lat' dir='ltr'>equitatu</span> <span class='ocrx_word' id='word_1_104' title='bbox 735 1488 822 1554; x_wconf 91' lang='lat' dir='ltr'>atque</span> <span class='ocrx_word' id='word_1_105' title='bbox 855 1479 964 1536; x_wconf 90' lang='lat' dir='ltr'>essedis</span> <span class='ocrx_word' id='word_1_106' title='bbox 997 1479 1036 1537; x_wconf 88' lang='lat' dir='ltr'>ad</span> <span class='ocrx_word' id='word_1_107' title='bbox 1068 1478 1177 1536; x_wconf 88' lang='lat' dir='ltr'>flumen</span> 
     </span>
     <span class='ocr_line' id='line_1_14' title="bbox 185 1575 1177 1652; baseline 0 -18"><span class='ocrx_word' id='word_1_108' title='bbox 185 1579 332 1652; x_wconf 85' lang='lat' dir='ltr'>progressi</span> <span class='ocrx_word' id='word_1_109' title='bbox 354 1595 390 1634; x_wconf 87' lang='lat' dir='ltr'>ex</span> <span class='ocrx_word' id='word_1_110' title='bbox 414 1577 481 1636; x_wconf 93' lang='lat' dir='ltr'>loco</span> <span class='ocrx_word' id='word_1_111' title='bbox 503 1577 649 1652; x_wconf 88' lang='lat' dir='ltr'>superiore</span> <span class='ocrx_word' id='word_1_112' title='bbox 671 1585 787 1633; x_wconf 92' lang='lat' dir='ltr'>nostros</span> <span class='ocrx_word' id='word_1_113' title='bbox 812 1575 963 1651; x_wconf 91' lang='lat' dir='ltr'>prohibere</span> <span class='ocrx_word' id='word_1_114' title='bbox 985 1585 1014 1634; x_wconf 91' lang='lat' dir='ltr'>et</span> <span class='ocrx_word' id='word_1_115' title='bbox 1038 1577 1177 1652; x_wconf 91' lang='lat' dir='ltr'>proelium</span> 
     </span>
     <span class='ocr_line' id='line_1_15' title="bbox 187 1673 1178 1750; baseline 0 -18"><span class='ocrx_word' id='word_1_116' title='bbox 187 1675 367 1732; x_wconf 88' lang='lat' dir='ltr'>committere</span> <span class='ocrx_word' id='word_1_117' title='bbox 395 1685 562 1750; x_wconf 87' lang='lat' dir='ltr'>coeperunt.</span> <span class='ocrx_word' id='word_1_118' title='bbox 614 1673 735 1748; x_wconf 90' lang='lat' dir='ltr'>Repulsi</span> <span class='ocrx_word' id='word_1_119' title='bbox 763 1675 800 1732; x_wconf 91' lang='lat' dir='ltr'>ab</span> <span class='ocrx_word' id='word_1_120' title='bbox 828 1675 957 1749; x_wconf 89' lang='lat' dir='ltr'>equitatu</span> <span class='ocrx_word' id='word_1_121' title='bbox 982 1692 1013 1732; x_wconf 90' lang='lat' dir='ltr'>se</span> <span class='ocrx_word' id='word_1_122' title='bbox 1040 1676 1071 1732; x_wconf 93' lang='lat' dir='ltr'>in</span> <span class='ocrx_word' id='word_1_123' title='bbox 1095 1675 1178 1732; x_wconf 82' lang='lat' dir='ltr'>silvas</span> 
     </span>
     <span class='ocr_line' id='line_1_16' title="bbox 144 1771 1178 1848; baseline -0.001 -17"><span class='ocrx_word' id='word_1_124' title='bbox 144 1780 173 1831; x_wconf 78' lang='lat'>15</span> <span class='ocrx_word' id='word_1_125' title='bbox 187 1771 359 1830; x_wconf 87' lang='lat' dir='ltr'>abdiderunt</span> <span class='ocrx_word' id='word_1_126' title='bbox 379 1771 477 1829; x_wconf 90' lang='lat' dir='ltr'>locum</span> <span class='ocrx_word' id='word_1_127' title='bbox 497 1771 595 1830; x_wconf 91' lang='lat' dir='ltr'>nancti</span> <span class='ocrx_word' id='word_1_128' title='bbox 616 1771 731 1847; x_wconf 89' lang='lat' dir='ltr'>egregie</span> <span class='ocrx_word' id='word_1_129' title='bbox 753 1781 781 1828; x_wconf 90' lang='lat' dir='ltr'>et</span> <span class='ocrx_word' id='word_1_130' title='bbox 802 1781 904 1830; x_wconf 88' lang='lat' dir='ltr'>natura</span> <span class='ocrx_word' id='word_1_131' title='bbox 924 1781 953 1830; x_wconf 91' lang='lat' dir='ltr'>et</span> <span class='ocrx_word' id='word_1_132' title='bbox 973 1789 1061 1848; x_wconf 90' lang='lat' dir='ltr'>opere</span> <span class='ocrx_word' id='word_1_133' title='bbox 1083 1773 1178 1830; x_wconf 88' lang='lat' dir='ltr'>muni-</span> 
     </span>
     <span class='ocr_line' id='line_1_17' title="bbox 187 1869 1178 1946; baseline 0 -18"><span class='ocrx_word' id='word_1_134' title='bbox 187 1880 257 1940; x_wconf 90' lang='lat' dir='ltr'>tum,</span> <span class='ocrx_word' id='word_1_135' title='bbox 280 1887 368 1946; x_wconf 91' lang='lat' dir='ltr'>quem</span> <span class='ocrx_word' id='word_1_136' title='bbox 390 1869 541 1927; x_wconf 88' lang='lat' dir='ltr'>domestici</span> <span class='ocrx_word' id='word_1_137' title='bbox 562 1869 637 1940; x_wconf 91' lang='lat' dir='ltr'>belli,</span> <span class='ocrx_word' id='word_1_138' title='bbox 658 1878 691 1926; x_wconf 93' lang='lat' dir='ltr'>ut</span> <span class='ocrx_word' id='word_1_139' title='bbox 715 1869 893 1941; x_wconf 89' lang='lat' dir='ltr'>videbantur,</span> <span class='ocrx_word' id='word_1_140' title='bbox 917 1887 1005 1928; x_wconf 89' lang='lat' dir='ltr'>causa</span> <span class='ocrx_word' id='word_1_141' title='bbox 1029 1871 1087 1928; x_wconf 86' lang='lat' dir='ltr'>ianr</span> <span class='ocrx_word' id='word_1_142' title='bbox 1112 1880 1178 1928; x_wconf 88' lang='lat' dir='ltr'>ante</span> 
     </span>
     <span class='ocr_line' id='line_1_18' title="bbox 186 1967 1180 2043; baseline 0.003 -19"><span class='ocrx_word' id='word_1_143' title='bbox 186 1976 445 2043; x_wconf 90' lang='lat' dir='ltr'>praeparaverant:</span> <span class='ocrx_word' id='word_1_144' title='bbox 486 1985 555 2023; x_wconf 87' lang='lat' dir='ltr'>narn</span> <span class='ocrx_word' id='word_1_145' title='bbox 590 1967 696 2024; x_wconf 89' lang='lat' dir='ltr'>crebris</span> <span class='ocrx_word' id='word_1_146' title='bbox 734 1967 886 2026; x_wconf 89' lang='lat' dir='ltr'>arboribus</span> <span class='ocrx_word' id='word_1_147' title='bbox 921 1969 1041 2026; x_wconf 88' lang='lat' dir='ltr'>succisis</span> <span class='ocrx_word' id='word_1_148' title='bbox 1075 1986 1180 2027; x_wconf 90' lang='lat' dir='ltr'>omnes</span> 
     </span>
     <span class='ocr_line' id='line_1_19' title="bbox 186 2063 1179 2142; baseline 0.003 -20"><span class='ocrx_word' id='word_1_149' title='bbox 186 2066 320 2124; x_wconf 89' lang='lat' dir='ltr'>introitus</span> <span class='ocrx_word' id='word_1_150' title='bbox 341 2075 423 2122; x_wconf 90' lang='lat' dir='ltr'>erant</span> <span class='ocrx_word' id='word_1_151' title='bbox 444 2065 595 2142; x_wconf 88' lang='lat' dir='ltr'>praeclusi.</span> <span class='ocrx_word' id='word_1_152' title='bbox 637 2063 698 2139; x_wconf 90' lang='lat' dir='ltr'>Ipsi</span> <span class='ocrx_word' id='word_1_153' title='bbox 718 2083 755 2122; x_wconf 86' lang='lat' dir='ltr'>ex</span> <span class='ocrx_word' id='word_1_154' title='bbox 780 2065 856 2124; x_wconf 88' lang='lat' dir='ltr'>silvis</span> <span class='ocrx_word' id='word_1_155' title='bbox 876 2067 932 2122; x_wconf 89' lang='lat' dir='ltr'>rari</span> <span class='ocrx_word' id='word_1_156' title='bbox 953 2069 1179 2142; x_wconf 88' lang='lat' dir='ltr'>propugnabant</span> 
     </span>
     <span class='ocr_line' id='line_1_20' title="bbox 186 2162 1181 2240; baseline 0.002 -20"><span class='ocrx_word' id='word_1_157' title='bbox 186 2173 360 2240; x_wconf 88' lang='lat' dir='ltr'>nostrosque</span> <span class='ocrx_word' id='word_1_158' title='bbox 402 2164 476 2220; x_wconf 89' lang='lat' dir='ltr'>intra</span> <span class='ocrx_word' id='word_1_159' title='bbox 516 2162 693 2220; x_wconf 90' lang='lat' dir='ltr'>munitiones</span> <span class='ocrx_word' id='word_1_160' title='bbox 734 2163 846 2238; x_wconf 90' lang='lat' dir='ltr'>ingredi</span> <span class='ocrx_word' id='word_1_161' title='bbox 887 2163 1088 2239; x_wconf 89' lang='lat' dir='ltr'>prohibebant.</span> <span class='ocrx_word' id='word_1_162' title='bbox 1139 2166 1181 2222; x_wconf 84' lang='lat' dir='ltr'>Ar</span> 
     </span>
     <span class='ocr_line' id='line_1_21' title="bbox 143 2261 1180 2338; baseline -0.003 -14"><span class='ocrx_word' id='word_1_163' title='bbox 143 2262 290 2324; x_wconf 72' lang='lat' dir='ltr'>nomilites</span> <span class='ocrx_word' id='word_1_164' title='bbox 324 2261 448 2337; x_wconf 89' lang='lat' dir='ltr'>legionis</span> <span class='ocrx_word' id='word_1_165' title='bbox 483 2262 623 2337; x_wconf 86' lang='lat' dir='ltr'>septimae</span> <span class='ocrx_word' id='word_1_166' title='bbox 657 2261 800 2319; x_wconf 89' lang='lat' dir='ltr'>testudine</span> <span class='ocrx_word' id='word_1_167' title='bbox 835 2261 911 2320; x_wconf 86' lang='lat' dir='ltr'>iacta</span> <span class='ocrx_word' id='word_1_168' title='bbox 945 2273 973 2320; x_wconf 91' lang='lat' dir='ltr'>et</span> <span class='ocrx_word' id='word_1_169' title='bbox 1007 2279 1113 2338; x_wconf 90' lang='lat' dir='ltr'>aggere</span> <span class='ocrx_word' id='word_1_170' title='bbox 1141 2264 1180 2322; x_wconf 91' lang='lat' dir='ltr'>ad</span> 
     </span>
     <span class='ocr_line' id='line_1_22' title="bbox 188 2359 1180 2436; baseline 0.003 -20"><span class='ocrx_word' id='word_1_171' title='bbox 188 2361 366 2418; x_wconf 89' lang='lat' dir='ltr'>munitiones</span> <span class='ocrx_word' id='word_1_172' title='bbox 387 2360 502 2417; x_wconf 89' lang='lat' dir='ltr'>adiecto</span> <span class='ocrx_word' id='word_1_173' title='bbox 524 2359 622 2416; x_wconf 92' lang='lat' dir='ltr'>locum</span> <span class='ocrx_word' id='word_1_174' title='bbox 643 2369 782 2434; x_wconf 88' lang='lat' dir='ltr'>ceperunt</span> <span class='ocrx_word' id='word_1_175' title='bbox 803 2376 913 2435; x_wconf 90' lang='lat' dir='ltr'>eosque</span> <span class='ocrx_word' id='word_1_176' title='bbox 934 2379 970 2418; x_wconf 90' lang='lat' dir='ltr'>ex</span> <span class='ocrx_word' id='word_1_177' title='bbox 992 2361 1069 2418; x_wconf 89' lang='lat' dir='ltr'>silvis</span> <span class='ocrx_word' id='word_1_178' title='bbox 1089 2379 1180 2436; x_wconf 84' lang='lat' dir='ltr'>expu-</span> 
     </span>
     <span class='ocr_line' id='line_1_23' title="bbox 187 2457 1181 2534; baseline 0.003 -21"><span class='ocrx_word' id='word_1_179' title='bbox 187 2457 281 2514; x_wconf 89' lang='lat' dir='ltr'>lerunt</span> <span class='ocrx_word' id='word_1_180' title='bbox 302 2457 403 2532; x_wconf 92' lang='lat' dir='ltr'>paucis</span> <span class='ocrx_word' id='word_1_181' title='bbox 428 2457 594 2514; x_wconf 90' lang='lat' dir='ltr'>vulneribus</span> <span class='ocrx_word' id='word_1_182' title='bbox 616 2458 751 2533; x_wconf 88' lang='lat' dir='ltr'>acceptis.</span> <span class='ocrx_word' id='word_1_183' title='bbox 798 2457 858 2515; x_wconf 92' lang='lat' dir='ltr'>Sed</span> <span class='ocrx_word' id='word_1_184' title='bbox 877 2475 928 2516; x_wconf 91' lang='lat' dir='ltr'>eos</span> <span class='ocrx_word' id='word_1_185' title='bbox 953 2458 1096 2534; x_wconf 86' lang='lat' dir='ltr'>fugientes</span> <span class='ocrx_word' id='word_1_186' title='bbox 1117 2459 1181 2516; x_wconf 92' lang='lat' dir='ltr'>lon-</span> 
     </span>
     <span class='ocr_line' id='line_1_24' title="bbox 187 2553 1181 2632; baseline 0.006 -23"><span class='ocrx_word' id='word_1_187' title='bbox 187 2554 252 2628; x_wconf 91' lang='lat' dir='ltr'>gius</span> <span class='ocrx_word' id='word_1_188' title='bbox 279 2553 386 2612; x_wconf 86' lang='lat' dir='ltr'>Caesar</span> <span class='ocrx_word' id='word_1_189' title='bbox 413 2554 551 2629; x_wconf 89' lang='lat' dir='ltr'>prosequi</span> <span class='ocrx_word' id='word_1_190' title='bbox 574 2554 671 2624; x_wconf 85' lang='lat' dir='ltr'>uetuit,</span> <span class='ocrx_word' id='word_1_191' title='bbox 700 2563 728 2611; x_wconf 88' lang='lat' dir='ltr'>et</span> <span class='ocrx_word' id='word_1_192' title='bbox 753 2554 833 2630; x_wconf 91' lang='lat' dir='ltr'>quod</span> <span class='ocrx_word' id='word_1_193' title='bbox 856 2555 914 2613; x_wconf 93' lang='lat' dir='ltr'>loci</span> <span class='ocrx_word' id='word_1_194' title='bbox 938 2566 1071 2614; x_wconf 87' lang='lat' dir='ltr'>naturam</span> <span class='ocrx_word' id='word_1_195' title='bbox 1095 2556 1181 2632; x_wconf 90' lang='lat' dir='ltr'>igno·</span> 
     </span>
     <span class='ocr_line' id='line_1_25' title="bbox 187 2651 1181 2728; baseline 0.005 -20"><span class='ocrx_word' id='word_1_196' title='bbox 187 2653 276 2722; x_wconf 89' lang='lat' dir='ltr'>rabat,</span> <span class='ocrx_word' id='word_1_197' title='bbox 298 2661 326 2709; x_wconf 90' lang='lat' dir='ltr'>et</span> <span class='ocrx_word' id='word_1_198' title='bbox 347 2651 427 2726; x_wconf 92' lang='lat' dir='ltr'>quod</span> <span class='ocrx_word' id='word_1_199' title='bbox 449 2669 557 2727; x_wconf 87' lang='lat' dir='ltr'>magna</span> <span class='ocrx_word' id='word_1_200' title='bbox 575 2661 656 2727; x_wconf 91' lang='lat' dir='ltr'>parte</span> <span class='ocrx_word' id='word_1_201' title='bbox 681 2651 737 2710; x_wconf 89' lang='lat' dir='ltr'>dici</span> <span class='ocrx_word' id='word_1_202' title='bbox 758 2662 931 2728; x_wconf 88' lang='lat' dir='ltr'>consumpta</span> <span class='ocrx_word' id='word_1_203' title='bbox 955 2653 1110 2712; x_wconf 90' lang='lat' dir='ltr'>munitioni</span> <span class='ocrx_word' id='word_1_204' title='bbox 1131 2673 1181 2713; x_wconf 83' lang='lat' dir='ltr'>ca·</span> 
     </span>
     <span class='ocr_line' id='line_1_26' title="bbox 143 2749 1182 2825; baseline 0.002 -17"><span class='ocrx_word' id='word_1_205' title='bbox 143 2772 174 2822; x_wconf 77' lang='lat'>²5</span> <span class='ocrx_word' id='word_1_206' title='bbox 189 2759 312 2807; x_wconf 91' lang='lat' dir='ltr'>strorum</span> <span class='ocrx_word' id='word_1_207' title='bbox 338 2758 453 2824; x_wconf 86' lang='lat' dir='ltr'>tempus</span> <span class='ocrx_word' id='word_1_208' title='bbox 480 2749 603 2825; x_wconf 88' lang='lat' dir='ltr'>relinqui</span> <span class='ocrx_word' id='word_1_209' title='bbox 626 2749 750 2808; x_wconf 90' lang='lat' dir='ltr'>volebat.</span> <span class='ocrx_word' id='word_1_210' title='bbox 792 2756 841 2808; x_wconf 91' lang='lat'>10.</span> <span class='ocrx_word' id='word_1_211' title='bbox 863 2749 1004 2810; x_wconf 89' lang='lat' dir='ltr'>Postridie</span> <span class='ocrx_word' id='word_1_212' title='bbox 1033 2753 1094 2810; x_wconf 89' lang='lat' dir='ltr'>eius</span> <span class='ocrx_word' id='word_1_213' title='bbox 1123 2753 1182 2810; x_wconf 89' lang='lat' dir='ltr'>diei</span> 
     </span>
     <span class='ocr_line' id='line_1_27' title="bbox 187 2847 1183 2924; baseline 0.005 -20"><span class='ocrx_word' id='word_1_214' title='bbox 187 2865 274 2905; x_wconf 89' lang='lat' dir='ltr'>mane</span> <span class='ocrx_word' id='word_1_215' title='bbox 295 2847 433 2922; x_wconf 88' lang='lat' dir='ltr'>tripertito</span> <span class='ocrx_word' id='word_1_216' title='bbox 452 2847 554 2906; x_wconf 91' lang='lat' dir='ltr'>milites</span> <span class='ocrx_word' id='word_1_217' title='bbox 576 2848 744 2923; x_wconf 88' lang='lat' dir='ltr'>equitesque</span> <span class='ocrx_word' id='word_1_218' title='bbox 763 2847 793 2904; x_wconf 91' lang='lat' dir='ltr'>in</span> <span class='ocrx_word' id='word_1_219' title='bbox 813 2849 1027 2924; x_wconf 89' lang='lat' dir='ltr'>expeditionem</span> <span class='ocrx_word' id='word_1_220' title='bbox 1046 2850 1130 2920; x_wconf 89' lang='lat' dir='ltr'>misit,</span> <span class='ocrx_word' id='word_1_221' title='bbox 1148 2861 1183 2909; x_wconf 90' lang='lat' dir='ltr'>ut</span> 
     </span>
     <span class='ocr_line' id='line_1_28' title="bbox 188 2944 1182 3022; baseline 0.004 -19"><span class='ocrx_word' id='word_1_222' title='bbox 188 2963 248 3017; x_wconf 92' lang='lat' dir='ltr'>eos,</span> <span class='ocrx_word' id='word_1_223' title='bbox 270 2945 319 3020; x_wconf 92' lang='lat' dir='ltr'>qui</span> <span class='ocrx_word' id='word_1_224' title='bbox 339 2945 480 3020; x_wconf 87' lang='lat' dir='ltr'>fugerant,</span> <span class='ocrx_word' id='word_1_225' title='bbox 502 2955 748 3022; x_wconf 90' lang='lat' dir='ltr'>persequerentur.</span> <span class='ocrx_word' id='word_1_226' title='bbox 791 2944 848 3004; x_wconf 89' lang='lat' dir='ltr'>His</span> <span class='ocrx_word' id='word_1_227' title='bbox 873 2947 1051 3022; x_wconf 88' lang='lat' dir='ltr'>aliquantum</span> <span class='ocrx_word' id='word_1_228' title='bbox 1071 2947 1182 3008; x_wconf 90' lang='lat' dir='ltr'>itineris</span> 
     </span>
     <span class='ocr_line' id='line_1_29' title="bbox 187 3043 1183 3121; baseline 0.005 -21"><span class='ocrx_word' id='word_1_229' title='bbox 187 3043 358 3120; x_wconf 89' lang='lat' dir='ltr'>progressis,</span> <span class='ocrx_word' id='word_1_230' title='bbox 377 3062 443 3101; x_wconf 91' lang='lat' dir='ltr'>cum</span> <span class='ocrx_word' id='word_1_231' title='bbox 460 3044 518 3101; x_wconf 89' lang='lat' dir='ltr'>iarn</span> <span class='ocrx_word' id='word_1_232' title='bbox 535 3045 654 3102; x_wconf 88' lang='lat' dir='ltr'>extremi</span> <span class='ocrx_word' id='word_1_233' title='bbox 676 3053 774 3102; x_wconf 86' lang='lat' dir='ltr'>essent</span> <span class='ocrx_word' id='word_1_234' title='bbox 793 3044 823 3101; x_wconf 91' lang='lat' dir='ltr'>in</span> <span class='ocrx_word' id='word_1_235' title='bbox 844 3053 1008 3120; x_wconf 91' lang='lat' dir='ltr'>prospectu,</span> <span class='ocrx_word' id='word_1_236' title='bbox 1030 3045 1141 3121; x_wconf 90' lang='lat' dir='ltr'>equites</span> <span class='ocrx_word' id='word_1_237' title='bbox 1163 3066 1183 3104; x_wconf 86' lang='lat' dir='ltr'>a</span> 
     </span>
     <span class='ocr_line' id='line_1_30' title="bbox 188 3140 1183 3218; baseline 0.005 -20"><span class='ocrx_word' id='word_1_238' title='bbox 188 3140 300 3212; x_wconf 90' lang='lat' dir='ltr'>Quinto</span> <span class='ocrx_word' id='word_1_239' title='bbox 324 3141 406 3200; x_wconf 91' lang='lat' dir='ltr'>Atrio</span> <span class='ocrx_word' id='word_1_240' title='bbox 435 3144 472 3201; x_wconf 89' lang='lat' dir='ltr'>ad</span> <span class='ocrx_word' id='word_1_241' title='bbox 502 3143 657 3202; x_wconf 88' lang='lat' dir='ltr'>Caesarem</span> <span class='ocrx_word' id='word_1_242' title='bbox 686 3150 835 3213; x_wconf 88' lang='lat' dir='ltr'>venerunt,</span> <span class='ocrx_word' id='word_1_243' title='bbox 860 3143 909 3218; x_wconf 92' lang='lat' dir='ltr'>qui</span> <span class='ocrx_word' id='word_1_244' title='bbox 937 3144 1103 3202; x_wconf 88' lang='lat' dir='ltr'>nuntiarent</span> <span class='ocrx_word' id='word_1_245' title='bbox 1132 3163 1183 3203; x_wconf 90' lang='lat' dir='ltr'>su-</span> 
     </span>
     <span class='ocr_line' id='line_1_31' title="bbox 143 3240 1182 3316; baseline 0.006 -22"><span class='ocrx_word' id='word_1_246' title='bbox 143 3259 175 3308; x_wconf 81' lang='lat'>30</span> <span class='ocrx_word' id='word_1_247' title='bbox 187 3240 300 3316; x_wconf 90' lang='lat' dir='ltr'>periore</span> <span class='ocrx_word' id='word_1_248' title='bbox 315 3249 401 3298; x_wconf 86' lang='lat' dir='ltr'>nocte</span> <span class='ocrx_word' id='word_1_249' title='bbox 412 3257 548 3296; x_wconf 85' lang='lat' dir='ltr'>maxuma</span> <span class='ocrx_word' id='word_1_250' title='bbox 563 3249 664 3297; x_wconf 89' lang='lat' dir='ltr'>coorta</span> <span class='ocrx_word' id='word_1_251' title='bbox 677 3249 849 3315; x_wconf 89' lang='lat' dir='ltr'>tempestate</span> <span class='ocrx_word' id='word_1_252' title='bbox 863 3258 957 3316; x_wconf 91' lang='lat' dir='ltr'>prope</span> <span class='ocrx_word' id='word_1_253' title='bbox 971 3258 1076 3299; x_wconf 92' lang='lat' dir='ltr'>omnes</span> <span class='ocrx_word' id='word_1_254' title='bbox 1090 3259 1182 3300; x_wconf 88' lang='lat' dir='ltr'>naves</span> 
     </span>
     <span class='ocr_line' id='line_1_32' title="bbox 187 3337 1181 3415; baseline 0.003 -20"><span class='ocrx_word' id='word_1_255' title='bbox 187 3337 306 3396; x_wconf 84' lang='lat' dir='ltr'>afflictas</span> <span class='ocrx_word' id='word_1_256' title='bbox 330 3347 417 3412; x_wconf 85' lang='lat' dir='ltr'>atque</span> <span class='ocrx_word' id='word_1_257' title='bbox 441 3338 472 3394; x_wconf 94' lang='lat' dir='ltr'>in</span> <span class='ocrx_word' id='word_1_258' title='bbox 495 3337 575 3395; x_wconf 90' lang='lat' dir='ltr'>litore</span> <span class='ocrx_word' id='word_1_259' title='bbox 598 3337 703 3395; x_wconf 91' lang='lat' dir='ltr'>eiectas</span> <span class='ocrx_word' id='word_1_260' title='bbox 731 3355 803 3408; x_wconf 89' lang='lat' dir='ltr'>esse,</span> <span class='ocrx_word' id='word_1_261' title='bbox 828 3337 909 3412; x_wconf 92' lang='lat' dir='ltr'>quod</span> <span class='ocrx_word' id='word_1_262' title='bbox 932 3356 1027 3415; x_wconf 91' lang='lat' dir='ltr'>neque</span> <span class='ocrx_word' id='word_1_263' title='bbox 1052 3357 1181 3398; x_wconf 88' lang='lat' dir='ltr'>ancorae</span> 
     </span>
     <span class='ocr_line' id='line_1_33' title="bbox 187 3435 1182 3512; baseline 0.003 -20"><span class='ocrx_word' id='word_1_264' title='bbox 187 3435 329 3511; x_wconf 89' lang='lat' dir='ltr'>funesque</span> <span class='ocrx_word' id='word_1_265' title='bbox 357 3435 550 3506; x_wconf 90' lang='lat' dir='ltr'>subsisterent,</span> <span class='ocrx_word' id='word_1_266' title='bbox 576 3451 671 3508; x_wconf 88' lang='lat' dir='ltr'>neque</span> <span class='ocrx_word' id='word_1_267' title='bbox 698 3444 802 3492; x_wconf 90' lang='lat' dir='ltr'>nautae</span> <span class='ocrx_word' id='word_1_268' title='bbox 831 3435 1095 3512; x_wconf 88' lang='lat' dir='ltr'>gubernatoresque</span> <span class='ocrx_word' id='word_1_269' title='bbox 1119 3439 1182 3495; x_wconf 91' lang='lat' dir='ltr'>vim</span> 
     </span>
     <span class='ocr_line' id='line_1_34' title="bbox 187 3530 1181 3608; baseline 0.002 -18"><span class='ocrx_word' id='word_1_270' title='bbox 187 3531 364 3607; x_wconf 88' lang='lat' dir='ltr'>tempestatis</span> <span class='ocrx_word' id='word_1_271' title='bbox 392 3530 450 3607; x_wconf 85' lang='lat' dir='ltr'>pati</span> <span class='ocrx_word' id='word_1_272' title='bbox 475 3541 610 3606; x_wconf 88' lang='lat' dir='ltr'>possent:</span> <span class='ocrx_word' id='word_1_273' title='bbox 643 3532 738 3608; x_wconf 87' lang='lat' dir='ltr'>itaque</span> <span class='ocrx_word' id='word_1_274' title='bbox 766 3549 803 3590; x_wconf 82' lang='lat' dir='ltr'>ex</span> <span class='ocrx_word' id='word_1_275' title='bbox 831 3549 867 3590; x_wconf 92' lang='lat' dir='ltr'>eo</span> <span class='ocrx_word' id='word_1_276' title='bbox 891 3550 1033 3592; x_wconf 88' lang='lat' dir='ltr'>concursu</span> <span class='ocrx_word' id='word_1_277' title='bbox 1060 3535 1181 3592; x_wconf 90' lang='lat' dir='ltr'>navium</span> 
     </span>
    </p>
   </div>
   <div class='ocr_carea' id='block_1_4' title="bbox 0 0 1327 3914">
    <p class='ocr_par' dir='ltr' id='par_1_4' title="bbox 0 0 1327 3914">
     <span class='ocr_line' id='line_1_35' title="bbox 0 0 1327 3914; baseline 0 0"><span class='ocrx_word' id='word_1_278' title='bbox 0 0 1327 3914; x_wconf 95' lang='lat' dir='ltr'> </span> 
     </span>
    </p>
   </div>
  </div>
 </body>
</html>
