2634 3914
144 244 259 308 9-12.
369 241 415 287 or
435 241 544 288 antro
568 239 719 290 oarrroo
742 240 851 289 corun.
878 241 908 291 r.
1097 223 1136 308 89

142 403 283 462 magnum
318 405 381 446 esse
417 389 637 446 incommodum
671 399 831 465 acceptum.
882 394 924 446 11.
954 386 1011 445 His
1049 387 1136 443 rebus

143 487 268 560 cognitis
311 485 420 545 Caesar
458 487 587 563 legiones
616 489 847 564 equitatumque
884 486 1012 545 revocari
1050 495 1135 561 atque

142 582 241 641 itinere
263 584 399 643 desistere
415 584 502 655 iubet,
522 585 585 660 ipse
604 586 642 643 ad
656 604 745 644 naves
763 586 928 653 revertitur;
950 585 1053 642 eadem
1067 583 1135 653 fere,

144 697 219 755 quae
228 699 265 739 ex
279 683 389 740 nuntiis
403 682 560 758 litterisque
576 692 760 757 cognoverat,
777 701 876 741 coram
890 681 1036 758 perspicit,
1049 681 1090 740 sic
1105 690 1136 738 ut

143 778 256 837 amissis
290 780 400 838 circiter
428 797 467 837 rra
493 780 615 838 navibus
650 781 776 856 reliquae
809 791 908 838 tamen
935 779 1015 837 refici
1046 795 1163 854 posses

141 893 251 951 magno
279 879 397 952 negotio
425 878 598 936 viderentur.
651 877 754 953 ltaque
782 896 818 935 ex
846 877 1012 954 legionibus
1036 875 1134 934 fabros

142 975 240 1050 deligit
260 984 288 1032 et
309 993 345 1033 ex
364 976 524 1034 continenti
541 975 613 1034 alios
633 977 739 1034 arcessi
756 976 852 1045 iubet;
878 975 1009 1034 Labieno
1028 974 1134 1044 scribit,

141 1081 181 1142 ut,
204 1090 292 1146 quam
317 1072 454 1147 plurimas
478 1082 586 1148 posset,
612 1073 646 1131 iis
670 1073 841 1147 legionibus,
867 1091 941 1148 quae
966 1082 1032 1131 sunt
1056 1071 1134 1147 apud

142 1189 217 1241 eum,
239 1190 327 1229 naves
348 1173 483 1231 instituat.
525 1171 601 1248 Ipse,
624 1173 678 1231 etsi
698 1191 744 1231 res
765 1183 825 1230 erat
846 1173 953 1230 multae
975 1190 1081 1247 operae
1100 1189 1134 1228 ac

142 1269 256 1339 laboris,
284 1279 382 1327 tamen
407 1270 676 1328 commodissimum
699 1289 764 1330 esse
792 1271 890 1329 statuit
913 1288 1017 1328 omnes
1044 1287 1133 1328 naves
1149 1286 1180 1321 10

143 1367 264 1424 subduci
289 1376 317 1425 et
342 1385 408 1426 cum
437 1369 537 1426 castris
565 1386 624 1426 una
651 1369 810 1427 munitione
838 1368 984 1443 coniungi.
1026 1366 1062 1424 In
1090 1366 1134 1425 his

142 1465 227 1522 rebus
250 1465 361 1523 circiter
384 1465 446 1524 dies
470 1484 490 1522 x
515 1466 661 1524 consumit
685 1484 722 1524 ne
747 1466 895 1524 nocturnis
920 1465 1039 1540 quidem
1061 1474 1134 1522 tem-

142 1563 261 1637 poribus
286 1563 324 1620 ad
348 1563 478 1620 laborem
502 1563 624 1621 militum
652 1563 830 1621 intermissis.
873 1562 1028 1621 Subductis
1056 1562 1133 1620 navi·

141 1662 196 1718 bus
221 1661 378 1736 castrisque
403 1661 518 1737 egregie
545 1662 663 1720 munitis
688 1661 806 1720 easdem
831 1661 939 1737 copias,
964 1678 1037 1736 quas
1059 1669 1134 1731 ante,

142 1759 286 1834 praesidio
321 1760 443 1816 navibus
480 1759 602 1834 reliquit,
638 1761 700 1834 ipse
735 1760 849 1830 eodem,
886 1758 964 1816 unde
1002 1758 1133 1826 redierat,
1149 1771 1178 1821 15

141 1855 341 1930 proficiscitur.
383 1855 430 1913 Eo
458 1875 525 1914 curn
552 1857 686 1927 venisset,
714 1857 840 1914 maiores
863 1855 922 1913 iam
948 1855 1077 1930 undique
1104 1854 1134 1910 in

142 1973 210 2013 eum
237 1955 334 2012 locum
362 1955 464 2030 copiae
492 1954 696 2013 Britannorum
724 1964 919 2014 convenerant
946 1972 1060 2012 summa
1082 1953 1135 2010 im-

141 2053 214 2128 perii
244 2051 369 2128 bellique
402 2033 620 2110 administrandi
656 2053 804 2110 communi
839 2051 961 2109 consilio
994 2051 1135 2127 permissa

143 2150 377 2222 Cassivellauno;
409 2151 490 2208 cuius
519 2150 592 2208 fines
619 2168 637 2208 a
664 2151 812 2207 maritimis
840 2149 999 2207 civitatibus
1027 2148 1135 2206 flumen

143 2247 251 2318 dividit,
281 2247 361 2322 quod
394 2248 554 2324 appellatur
584 2247 728 2318 Tamesis,
762 2266 781 2305 a
810 2247 882 2304 mari
914 2247 1025 2305 circiter
1057 2245 1135 2303 milia
1149 2263 1180 2298 ao

142 2361 282 2421 passuum
317 2361 404 2402 cxxx.
457 2345 537 2404 Huic
571 2346 718 2423 superiore
752 2355 884 2421 tempore
918 2363 986 2402 cum
1019 2344 1135 2419 reliquis

143 2443 304 2502 civitatibus
325 2443 503 2501 continentia
522 2444 599 2502 bella
620 2445 839 2501 intercesserant
850 2461 858 2514 ;
887 2442 939 2500 sed
963 2451 1064 2500 nostro
1085 2440 1136 2498 ad-

141 2551 229 2599 ventu
257 2541 381 2616 pennoti
404 2540 534 2598 Britanni
561 2541 638 2599 hunc
665 2540 718 2599 toti
744 2541 821 2600 bello
848 2540 1028 2616 imperioque
1055 2557 1135 2615 prae·

142 2638 278 2698 fecerant.

183 2742 229 2794 12.
251 2735 418 2794 Britanniae
441 2753 509 2812 pars
532 2735 650 2794 interior
672 2737 710 2794 ab
733 2735 767 2794 iis
789 2737 936 2806 incolitur,
954 2753 1029 2811 quos
1052 2743 1136 2794 natos
1150 2757 1179 2807 25

140 2834 174 2892 in
195 2833 288 2890 insula
308 2833 363 2908 ipsi
385 2834 527 2891 memoria
547 2834 694 2908 proditum
715 2833 822 2904 dicunt,
842 2835 986 2892 maritima
1008 2851 1075 2910 pars
1100 2833 1137 2890 ab

142 2933 185 3003 iia,
200 2931 250 3006 qui
265 2931 390 3006 praedae
405 2947 439 2990 ac
453 2930 520 2988 belli
537 2929 678 2988 inferendi
693 2948 781 2988 causa
795 2950 831 2988 ex
849 2930 950 3006 Belgio
965 2930 1138 2988 transierunt

146 3029 209 3105 (qui
228 3045 333 3086 omnes
349 3026 409 3086 fere
426 3029 461 3086 iis
478 3029 646 3086 nominibus
664 3027 811 3086 civitatum
828 3027 1015 3104 appellantur,
1033 3027 1139 3101 quibus

142 3127 197 3185 orti
222 3143 258 3183 ex
284 3125 443 3182 civitatibus
468 3143 504 3183 eo
529 3128 733 3201 pervenerunt)
756 3135 784 3184 et
806 3126 882 3183 bello
906 3125 984 3182 illato
1009 3124 1049 3182 ibi
1072 3141 1138 3198 per-

142 3231 312 3282 manserunt
340 3231 426 3296 atque
455 3240 541 3297 agros
570 3222 666 3280 colere
693 3231 860 3296 coeperunt.
903 3220 1067 3278 Hominum
1095 3231 1183 3280 estro

143 3321 254 3380 infinita
274 3318 427 3376 multitudo
449 3320 680 3394 creberrimaque
701 3319 832 3377 aedificia
852 3319 910 3377 sere
930 3318 1047 3376 Gallicis
1067 3337 1138 3378 con·

144 3417 255 3485 similia,
276 3431 416 3490 pecorum
437 3433 561 3490 magnus
582 3434 728 3474 numerus.
770 3415 897 3473 Utuntur
914 3411 975 3494 [aut
992 3433 1057 3474 aere
1076 3412 1139 3496 aut]

143 3516 225 3575 taleis
252 3512 350 3570 ferreis
378 3512 415 3570 ad
444 3524 554 3571 certum
582 3513 698 3589 pondus
727 3513 896 3572 examinatis
924 3531 977 3590 pro
1006 3531 1137 3573 nummo.
