2634 3914
161 209 298 275 30-33.
385 204 433 252 nn
455 204 565 251 nureo
589 203 739 252 onrrrco
763 203 872 252 contr.
899 203 961 253 vrr.
1090 206 1146 272 151

160 370 296 429 mamque
315 352 355 409 ibi
374 353 489 428 copiam
507 352 642 410 frumenti
662 361 690 410 et
711 352 811 428 reliqui
830 362 1009 410 commeatus
1027 359 1149 409 nanctus

158 449 317 508 exercitum
332 467 368 506 ex
382 449 480 506 labore
495 459 581 526 atque
600 450 699 525 inopia
712 449 819 508 refecit.
861 448 924 507 Iam
944 465 1035 525 prope
1056 448 1149 506 hieme

160 545 293 605 confecta
306 564 374 606 cum
391 547 455 622 ipso
470 548 538 604 anni
557 556 688 622 tempore
707 547 744 605 ad
761 547 921 622 gerendum
940 545 1048 604 bellum
1063 563 1149 604 voca-

159 654 237 703 retur
264 653 293 701 et
320 643 358 702 ad
385 643 501 702 hostem
529 644 672 720 proficisci
701 645 904 716 constituisset,
933 645 991 702 sive
1018 661 1086 702 eum
1113 660 1150 700 ex

158 743 312 821 paludibus
338 741 471 818 silvisque
495 742 597 800 elicere
625 743 683 801 sive
707 743 858 802 obsidione
887 761 1017 820 premere
1041 749 1176 818 posset,5

158 841 245 916 legati
275 840 314 898 ad
346 859 413 899 eum
444 840 589 916 principes
619 837 790 899 Aeduorum
822 841 940 898 veniunt
968 850 1090 910 oratum,
1118 848 1150 896 ut

159 938 285 996 maxime
305 939 468 996 necessario
487 948 617 1014 tempore
632 939 735 996 civitati
757 939 923 997 subveniat:
948 955 1063 997 summo
1085 955 1149 996 esse

158 1036 189 1093 in
213 1036 342 1112 periculo
368 1054 437 1106 rem,
462 1036 552 1112 quod,
574 1055 641 1095 cum
665 1036 770 1111 singuli
789 1036 973 1111 magistratus
994 1035 1149 1110 antiquitus

159 1135 249 1192 creari
263 1144 350 1209 atque
370 1135 480 1210 regiam
498 1144 670 1210 potestatem
684 1152 793 1192 annum
807 1134 936 1192 obtinere
950 1143 1147 1202 consuessent,

159 1232 218 1290 duo
229 1233 428 1307 magistratum
442 1213 545 1307 gerant
558 1241 586 1290 et
601 1249 632 1289 se
644 1241 766 1306 uterque
780 1247 881 1288 eorum
895 1230 1006 1305 legibus
1021 1239 1148 1288 creatum
1164 1255 1194 1290 ιο

159 1347 222 1396 esse
243 1330 326 1388 dicat.
370 1329 487 1389 Horum
501 1348 565 1388 esse
585 1329 705 1387 alterum
720 1327 983 1398 Conuictolitauem,
997 1327 1148 1385 florentem

158 1438 188 1486 et
222 1428 360 1486 illustrem
394 1428 618 1498 adulescentem,
649 1427 770 1484 alterum
803 1425 919 1498 Cotum,
951 1426 1150 1502 antiquissima

159 1525 266 1583 familia
286 1536 387 1583 natum
409 1535 494 1601 atque
515 1527 611 1601 ipsum
634 1523 783 1582 hominem
804 1541 934 1582 summae
954 1521 1099 1600 poten'tiae
1120 1533 1149 1581 et

158 1641 283 1699 magnae
304 1623 494 1699 cognationis,
517 1623 597 1680 cuius
618 1621 704 1679 frater
728 1621 893 1680 Valetiacus
917 1623 1049 1697 proximo
1070 1639 1148 1680 anno

158 1721 284 1779 eundem
307 1721 505 1796 magistratum
532 1720 661 1795 gesserit.
703 1719 854 1778 Civitatem
882 1737 945 1778 esse
973 1739 1091 1780 omnem
1118 1721 1148 1777 in
1164 1741 1192 1790 15

158 1820 261 1890 armis;
290 1817 414 1876 divisum
439 1827 579 1887 senatum,
601 1816 723 1874 divisum
747 1817 896 1893 populum,
917 1835 986 1900 suas
1009 1819 1148 1894 cuiusque

158 1934 260 1975 eorum
275 1915 429 1975 clientelas.
472 1913 562 1986 Quod
584 1914 608 1972 si
630 1914 735 1972 diutius
755 1915 845 1972 alatur
864 1917 1065 1986 controversia,
1085 1916 1148 1975 fore

157 2015 200 2072 uti
220 2032 288 2091 pars
307 2032 376 2072 cum
396 2023 477 2088 parte
498 2012 617 2070 civitatis
637 2012 782 2087 confligat.
824 2011 860 2070 Id
880 2031 918 2070 ne
935 2013 1054 2083 accidat,
1069 2015 1147 2090 posi-

158 2123 220 2170 tum
241 2113 270 2170 in
292 2112 353 2170 eius
375 2110 521 2186 diligentia
539 2119 625 2185 atque
645 2110 820 2168 auctoritate.
862 2116 911 2169 33.
933 2109 1048 2181 Caesar,
1063 2113 1148 2170 etsia

157 2211 234 2268 bello
249 2219 335 2287 atque
353 2209 437 2268 hoste
457 2209 604 2267 discedere
624 2207 861 2266 detrimentosum
880 2225 944 2267 esse
958 2210 1146 2282 existimabat,
1161 2234 1192 2269 ιο

156 2318 255 2366 tamen
276 2325 337 2366 non
358 2307 505 2382 ignorans,
524 2316 632 2383 quanta
652 2325 688 2364 ex
709 2306 938 2364 dissensionibus
960 2307 1147 2366 incommoda

157 2406 225 2464 oriri
239 2415 437 2477 consuessent,
452 2424 489 2464 ne
503 2415 583 2462 tanta
597 2414 625 2463 et
639 2415 698 2462 tam
713 2405 869 2463 coniuncta
886 2405 995 2480 populo
1011 2404 1146 2464 Romano

158 2503 265 2575 civitas,
301 2521 389 2580 quam
428 2504 490 2579 ipse
525 2521 640 2578 semper
677 2503 794 2560 aluisset
827 2503 1021 2578 omnibusque
1059 2506 1146 2563 rebus

157 2610 296 2672 ornasset,
318 2601 356 2658 ad
382 2602 440 2658 vim
468 2610 555 2676 atque
582 2618 662 2658 arma
689 2599 884 2672 descenderet,
906 2610 993 2676 atque
1014 2619 1049 2660 ea
1069 2620 1144 2678 pars,

156 2717 232 2776 quae
253 2699 349 2757 minus
370 2699 424 2756 sibi
445 2698 610 2769 confideret,
632 2698 736 2756 auxilia
756 2716 774 2754 a
794 2697 1031 2774 Vercingetorige
1052 2718 1145 2760 arces·
1160 2719 1189 2769 25

157 2806 241 2866 seret,
262 2796 329 2855 huic
349 2797 390 2856 rei
413 2797 653 2873 praevertendum
675 2796 852 2866 existimavit,
873 2805 910 2862 et,
932 2797 1011 2872 quod
1034 2797 1145 2873 legibus

156 2894 327 2954 Aeduorum
354 2894 397 2964 iis,
426 2894 475 2969 qui
503 2911 649 2951 summum
675 2893 874 2968 magistratum
901 2895 1070 2966 obtinerent,
1095 2915 1145 2954 ex-

157 2993 260 3052 cedere
275 3010 311 3049 ex
326 2992 431 3050 finibus
445 3008 506 3049 non
519 2991 624 3062 liceret,
639 3009 677 3048 ne
692 2990 761 3066 quid
780 2991 816 3048 de
835 2991 896 3050 iure
911 3002 960 3050 aut
979 2992 1015 3050 de
1033 2993 1143 3068 legibus

156 3108 258 3148 eorum
278 3089 452 3148 deminuisse
467 3089 616 3158 videretur,
631 3089 693 3164 ipse
708 3089 738 3145 in
757 3088 877 3147 Aeduos
891 3090 1034 3164 proficisci
1049 3092 1144 3149 statuit

157 3197 347 3263 senatumque
368 3204 486 3244 omnem
507 3195 536 3244 et
556 3204 631 3261 quos
652 3187 725 3244 inter
746 3187 939 3244 controversia
959 3198 1034 3246 esset
1054 3190 1092 3247 ad
1112 3208 1143 3248 se
1157 3206 1188 3256 30

156 3285 309 3344 Decetiam
333 3285 469 3343 evocavit.
507 3283 583 3344 Cum
604 3302 695 3360 prope
719 3285 815 3342 omnis
839 3285 936 3343 civitas
961 3304 997 3344 eo
1019 3304 1143 3346 conven-

156 3383 227 3441 isset
251 3382 467 3458 docereturque,
493 3382 593 3457 paucis
618 3382 693 3440 clam
718 3385 883 3440 convocatis
908 3383 963 3441 alio
988 3384 1062 3455 loeo,
1087 3387 1142 3446 alio

156 3489 289 3555 tempore
308 3488 394 3555 atque
415 3480 573 3556 oportuerit
591 3477 708 3538 fratrem
726 3479 841 3538 alratre
860 3482 1060 3554 renuntiatum,
1076 3498 1143 3551 cum
