2634 3914
154 217 292 288 32—34.
392 217 437 264 ns
459 217 568 266 narro
592 215 742 266 erarico
768 215 877 266 canu.
904 217 950 267 vr.
1083 221 1143 288 129

154 385 277 426 numero
308 368 438 428 adeam
468 369 626 445 regionem,
655 387 729 446 quae
757 368 795 428 ad
822 367 991 427 Aduatucos
1022 367 1142 438 adiacet,

153 465 389 540 depopulandam
412 466 514 538 mittit;
550 465 612 542 ipse
637 485 704 524 cum
727 466 847 543 reliquis¹
862 465 951 524 tribus
975 465 1013 524 ad
1033 465 1143 522 fiumen

154 562 289 634 Scaldim,
313 563 394 640 quod
420 564 513 623 influit
537 565 567 622 in
591 563 717 635 Mosam,
742 575 943 640 extremasque
963 563 1142 622 ¹Arduennae

104 666 108 676 '
152 661 241 736 partis
265 661 305 719 ire
330 661 483 732 constituit,
509 679 570 738 quo
594 679 661 720 cum
685 661 784 737 paucis
808 662 951 738 equitibus
979 660 1141 737 profectum

152 758 354 834 Ambiorigem
388 759 530 818 audiebat.
572 758 734 818 Discedens
767 769 836 835 post
873 759 951 818 diem
988 755 1168 834 septimum5

153 873 217 915 sese
237 875 416 916 reversurum
433 857 600 928 confirmat;
626 874 714 932 quam
733 856 771 915 ad
790 856 867 914 diem
886 856 913 914 ei
931 856 1047 931 legioni,
1067 873 1141 932 quae

152 955 182 1012 in
204 955 346 1030 praesidio
362 955 582 1032 relinquebatur,
597 953 695 1012 deberi
708 953 884 1012 frumentum
904 953 1023 1013 sciebat.
1064 952 1142 1011 Lab·

152 1053 251 1110 ienum
285 1053 522 1128 Treboniumque
557 1051 694 1123 hortatur,
722 1052 747 1110 si
780 1051 952 1128 reipublicae
983 1051 1142 1110 commodo
1247 1115 1250 1120 ,

151 1149 246 1210 facere
270 1148 393 1226 possint,
415 1152 454 1210 ad
478 1169 545 1209 eum
570 1150 647 1210 diem
671 1159 855 1218 revertantur,
881 1159 912 1208 ut
939 1167 1036 1210 rursus
1061 1167 1141 1209 com-

152 1249 299 1307 municato
327 1249 449 1308 consilio
476 1248 690 1324 exploratisque
721 1246 848 1305 hostium
878 1247 1037 1306 rationibus
1064 1247 1141 1304 aliud
1156 1264 1185 1298 ro

151 1346 262 1403 initium
290 1347 356 1404 belli
376 1363 486 1422 capere
513 1345 634 1421 possint.
677 1349 731 1404 34,
749 1343 827 1414 Erat,
852 1353 884 1402 ut
910 1362 997 1420 supra
1021 1345 1141 1404 demon-

152 1445 312 1516 stravimus,
337 1463 440 1503 manus
468 1453 545 1502 certa
572 1441 658 1514 nulla,
683 1459 745 1501 non
772 1441 922 1518 oppidum,
946 1459 1008 1501 non
1035 1445 1140 1518 praesi-

152 1541 240 1612 dium,
255 1542 336 1618 quod
349 1561 380 1602 se
395 1543 480 1600 annis
495 1540 670 1611 defenderet,
686 1539 738 1599 sed
756 1540 787 1597 in
801 1540 897 1599 omnis
911 1540 999 1616 partis
1013 1540 1142 1615 dispersa

151 1639 312 1699 multitudo
353 1639 413 1698 Ubi
432 1640 534 1715 cuique
554 1647 603 1697 aut
620 1638 707 1696 valles
726 1637 827 1696 abdita
842 1648 890 1696 aut
906 1639 988 1698 locus
1006 1638 1140 1696 silvestris

153 1747 201 1794 aut
233 1738 317 1814 palus
351 1737 490 1814 Mpedita
521 1755 603 1812 spem
637 1735 771 1813 praesidii
802 1745 850 1795 aut
884 1735 982 1795 salutis
1015 1735 1140 1812 aliquam
1156 1749 1184 1798 Ι5
1248 1725 1251 1734 ’

151 1835 300 1907 offerebat,
323 1835 501 1894 consederat.
543 1833 628 1894 Haec
654 1833 719 1892 loca
745 1833 936 1892 vicinitatibus
958 1843 1040 1892 erant
1061 1843 1139 1906 nota,

150 1951 345 2009 magnamque
378 1951 425 1992 res
459 1932 636 2008 diligentiam
669 1931 832 2008 requirebat
864 1931 991 1989 nonin
1026 1949 1140 1990 summa

151 2031 293 2089 exercitus
312 2031 421 2090 tuenda
443 2030 565 2104 (nullum
585 2029 663 2088 enim
683 2037 797 2104 poterat
816 2028 954 2087 universis
975 2029 1013 2086 ab
1031 2039 1140 2106 perter-

149 2129 209 2187 ritis
224 2147 258 2188 ac
273 2129 408 2206 dispersis
422 2127 581 2204 periculum
595 2126 747 2200 accidere),
762 2125 814 2184 sed
827 2127 857 2183 in
870 2127 989 2202 singulis
1003 2127 1139 2186 militibus

150 2227 374 2298 conservandis;
396 2243 470 2301 quae
487 2235 584 2284 tamen
598 2242 635 2283 ex
652 2232 732 2300 parte
749 2241 795 2283 res
809 2224 847 2282 ad
861 2224 982 2282 salutem
997 2227 1138 2284 exercitus
1153 2243 1184 2276 20

149 2325 317 2400 pertinebat.
360 2323 438 2382 Nam
452 2333 481 2382 et
494 2323 619 2400 praedae
639 2322 780 2398 cupiditas
795 2321 901 2380 multos
921 2321 1037 2398 longius
1054 2340 1139 2382 evoc-

150 2424 225 2493 abat,
242 2431 271 2481 et
291 2423 378 2481 silvae
395 2421 509 2480 incertis
531 2420 708 2496 occultisque
726 2420 875 2479 itineribus
896 2419 1043 2494 conlertos
1061 2421 1139 2480 adire

148 2519 348 2595 prohibebant.
391 2519 421 2577 Si
455 2518 604 2594 negotium
638 2517 743 2577 confici
778 2517 953 2595 stirpemque
983 2517 1139 2577 ,hominum

149 2617 353 2677 sceleratorum
376 2617 497 2676 interfici
521 2616 612 2686 vellet,
637 2615 823 2674 dimittendae
847 2616 943 2691 plures
967 2635 1071 2676 manus
1096 2618 1139 2676 di-

149 2715 331 2791 ducendique
352 2725 432 2774 erant
452 2713 572 2788 milites;
601 2713 625 2772 si
646 2713 793 2772 continere
811 2713 850 2772 ad
870 2714 953 2790 signa
973 2715 1138 2792 manipulos
1153 2729 1182 2778 α5

147 2813 240 2885 vellet,
268 2822 299 2871 ut
325 2813 452 2872 instituta
478 2812 551 2870 ratio
577 2819 607 2871 et
634 2811 814 2870 consuetudo
842 2811 982 2870 exercitus
1011 2812 1138 2871 Romani

147 2911 319 2987 postulabat,
347 2912 430 2970 locus
461 2911 523 2987 ipse
551 2918 612 2968 erat
641 2909 785 2986 pracsidio
812 2909 948 2980 barbaris,
977 2928 1072 2986 neque
1101 2930 1137 2968 ex

147 3009 263 3067 occulto
278 3009 432 3067 insidiandi
448 3017 477 3067 et
494 3009 639 3084 dispersos
653 3005 894 3065 circumveniendi
908 3006 1025 3082 singulis
1040 3007 1138 3066 deerat

146 3107 276 3164 audacia.
320 3105 361 3164 Ut
379 3107 409 3164 in
428 3105 570 3166 eiusmodi
590 3103 811 3176 difficultatibus,
831 3113 971 3181 quantum
991 3104 1137 3179 diligentia

145 3203 290 3279 provideri
303 3213 424 3280 poterat,
441 3203 651 3280 providebatur,
666 3211 697 3260 ut
716 3202 812 3278 potius
831 3203 862 3259 in
875 3202 1011 3260 nocendo
1030 3203 1136 3278 aliquid
1150 3217 1181 3264 30

144 3301 424 3376 praetermitteretur,
445 3301 497 3359 etsi
516 3301 648 3360 omnium
669 3301 758 3358 animi
779 3299 817 3358 ad
836 3289 1034 3358 ulciscendum
1055 3301 1136 3359 arde·

143 3397 226 3466 bant,
261 3415 348 3474 quam
383 3415 461 3455 cum·
484 3397 582 3474 aliquo
615 3398 737 3456 militum
772 3397 942 3455 detrimento
976 3409 1134 3457 noceretur.

142 3482 270 3554 Dimittit
304 3494 343 3553 ad
376 3493 511 3554 finitimas
546 3495 671 3555 civitates
710 3494 826 3553 nuntios
864 3493 989 3554 Caesar:
1031 3512 1135 3554 omnes

628 3608 651 3650 rr
