2634 3914
194 201 255 284 146
518 217 545 269 o.
567 217 661 265 rurrr
683 216 855 265 cassinis
1126 223 1184 268 vn.

191 386 209 426 a
222 386 269 426 me
283 367 429 445 provisum
444 365 505 426 est!
548 374 592 427 21.
615 367 787 426 Conclamat
800 367 897 427 omnis
914 367 1067 428 multitudo
1082 377 1110 427 et
1129 386 1182 428 suo

189 482 272 523 more
291 467 376 524 annis
397 475 559 541 concrepat,
575 466 655 541 quod
675 465 770 523 facere
791 465 821 523 in
842 483 878 524 eo
899 476 1082 537 consuerunt,
1100 467 1182 525 cuius

190 563 350 620 orationem
370 565 548 638 approbant;
575 581 721 620 summurn
742 580 805 620 esse
823 563 1092 639 Vercingetorigem
1114 563 1183 621 duc·

189 677 236 717 ern
257 679 312 719 nec
330 661 366 719 de
386 661 446 718 eius
467 660 523 718 fide
543 660 740 731 dubitandum,
756 678 811 719 nec
826 662 934 719 maiore
949 661 1059 719 ratione
1076 661 1183 718 bellum

161 777 175 823 5
190 757 380 816 administrari
401 776 496 834 posse.
540 757 682 829 Statuunt,
696 768 728 816 ut
745 758 846 816 decem
865 758 943 816 milia
961 757 1113 815 hominum
1132 758 1182 815 de-

189 854 264 912 lecta
288 875 324 914 ex
350 857 485 915 omnibus
514 857 605 932 copiis
629 857 659 914 in
684 855 825 932 oppidum
849 856 1003 926 mittantur,
1028 873 1084 913 nec
1112 854 1181 913 solis

189 951 364 1030 Biturigibus
379 973 565 1013 communem
580 955 700 1014 salutem
716 954 953 1012 committendam
963 962 1090 1022 censent,
1102 954 1182 1028 quod

189 1069 283 1127 paene
303 1053 333 1109 in
354 1070 398 1123 eo,
413 1053 437 1110 si
457 1052 487 1110 id
508 1051 650 1128 oppidum
670 1052 862 1122 retinuissent,
882 1056 1027 1110 summam
1047 1051 1182 1109 victoriae

189 1157 321 1207 constare
335 1149 548 1225 intellegebant.
967 1219 969 1222 ¹

146 1267 176 1303 ιο
230 1253 281 1305 22.
304 1247 447 1324 Singulari
466 1249 590 1306 militum
604 1257 768 1307 nostrorum
783 1248 877 1307 virtuti
891 1247 1013 1306 consilia
1027 1247 1179 1322 cuiusque·

188 1345 270 1403 modi
285 1345 434 1405 Gallorum
454 1347 651 1417 occurrebant,
665 1356 698 1404 ut
712 1355 755 1404 est
774 1364 905 1404 summae
924 1363 1018 1422 genus
1039 1346 1179 1404 sollertiae

189 1451 275 1518 atque
300 1444 339 1502 ad
366 1444 466 1502 omnia
493 1443 633 1501 imitanda
660 1452 689 1500 et
713 1442 872 1514 efficienda,
896 1461 971 1518 quae
999 1443 1037 1500 ab
1062 1460 1180 1519 quoque

187 1540 346 1610 traduntur,
371 1541 560 1616 aptissimum.
604 1539 682 1598 Nam
706 1550 734 1598 et
758 1540 868 1616 laqueis
892 1540 980 1598 salces
1005 1542 1178 1610 avertebant,

189 1654 270 1711 quas,
293 1655 360 1694 cum
378 1637 596 1708 destinaverant,
614 1637 764 1696 tormentis
786 1638 925 1696 introrsus
946 1637 1130 1708 reducebant,
1151 1649 1180 1696 et

145 1752 174 1802 15
189 1752 324 1810 aggerem
339 1735 478 1792 cuniculis
498 1735 712 1816 subtrahebant,
728 1752 764 1793 eo
783 1735 928 1804 scientius,
943 1734 1023 1810 quod
1037 1735 1115 1810 apud
1126 1753 1178 1793 eos

188 1849 312 1908 magnae
327 1842 393 1890 sunt
407 1825 539 1891 ferrariae
553 1843 639 1908 atque
654 1850 741 1890 omne
751 1825 848 1908 'genus
863 1831 1062 1890 cuniculorum
1075 1841 1178 1890 notum

189 1939 274 2006 atque
295 1930 432 1988 usitatum
453 1939 505 1989 est.
549 1929 660 1989 Totum
681 1939 778 1988 autem
798 1947 914 1987 murum
935 1947 972 1987 ex
992 1930 1073 1988 omni
1097 1941 1179 2007 parte

188 2029 311 2087 turribus
333 2029 585 2087 contabulaverant
604 2039 689 2105 atque
708 2028 760 2087 has
781 2028 867 2087 coriis
888 2028 1056 2086 intexerant.
1098 2029 1178 2088 Tum

188 2127 294 2186 crebris
315 2127 423 2186 diurnis
444 2128 652 2204 nocturnisque
673 2128 872 2204 eruptionibus
894 2136 944 2185 aut
965 2127 1063 2203 aggeri
1079 2127 1178 2202 ignem

143 2225 348 2284 aoinferebant
372 2235 421 2283 aut
444 2226 548 2284 milites
572 2235 732 2301 occupatos
755 2225 786 2282 in
810 2242 898 2300 opere
922 2225 1127 2284 adoriebantur
1150 2235 1178 2284 et

188 2333 351 2382 nostrarum
384 2323 504 2381 turrium
538 2322 725 2393 altitudinem,
759 2333 899 2400 quantum
930 2322 982 2381 has
1015 2322 1177 2382 cotidianus
1228 2385 1231 2390 ,

187 2439 276 2497 agger
303 2430 491 2496 expresserat,
522 2420 684 2479 commissis
718 2437 835 2477 suarum
862 2419 982 2477 turrium
1012 2420 1095 2478 malis
1127 2420 1177 2478 ad-

187 2519 358 2594 aequabant,
371 2527 399 2576 et
413 2527 527 2595 apertos
541 2517 691 2576 cuniculos
705 2526 838 2592 praeusta
849 2526 877 2574 et
887 2527 1043 2592 praeacuta
1056 2519 1177 2576 materia

187 2625 215 2673 et
241 2616 305 2692 pice
333 2615 486 2674 fervefacta
512 2625 541 2674 et
568 2614 685 2672 maximi
713 2614 850 2689 ponderis
879 2614 956 2672 saxis
989 2615 1177 2674 morabantur

143 2723 173 2773 25
187 2715 396 2790 moenibusque
414 2714 645 2790 appropinquare
665 2712 865 2788 prohibebant.
907 2718 957 2772 28.
979 2712 1057 2771 Muri
1078 2724 1176 2772 autem

186 2830 290 2870 omnes
312 2811 415 2870 Gallici
435 2811 489 2869 hac
509 2810 569 2868 sere
590 2809 683 2867 forma
704 2818 778 2867 sunt.
819 2809 933 2868 Trabes
955 2810 1087 2882 directae,
1110 2829 1176 2886 per·

185 2921 289 2986 petuae
308 2909 338 2967 in
356 2909 565 2985 longitudinem
577 2907 702 2983 paribus
723 2906 882 2974 intervallis,
904 2907 1042 2966 distantes
1055 2909 1129 2966 inter
1144 2926 1175 2967 se

185 3007 270 3066 binos
285 3007 374 3083 pedes
391 3007 421 3064 in
441 3007 503 3064 solo
518 3005 704 3064 collocantur.
746 3003 813 3061 Hae
826 3004 1020 3062 revinciuntur
1033 3007 1175 3064 introrsus

185 3114 213 3163 et
230 3105 321 3164 multo
338 3122 444 3180 aggere
463 3103 636 3173 vestiuntur;
662 3119 697 3158 ea
716 3110 820 3171 autem,
841 3119 915 3178 quae
933 3102 1066 3174 diximus,
1085 3103 1174 3162 inter·

131 3189 172 3270 (30'
185 3202 257 3260 valla
277 3203 435 3278 grandibus
456 3201 486 3258 in
502 3199 596 3258 fronte
617 3200 693 3257 saxis
714 3199 903 3258 effarciuntur.
947 3199 1004 3259 His
1025 3201 1175 3261 collocatis

185 3309 214 3358 et
241 3299 447 3376 coagmentatis
472 3298 544 3356 alius
567 3297 684 3371 insuper
708 3296 780 3354 ordo
805 3297 926 3368 additur,
950 3306 982 3356 ut
1006 3298 1083 3356 idern
1103 3299 1175 3358 illud

186 3396 363 3454 intervallum
387 3405 512 3454 servetur
531 3412 626 3469 neque
648 3394 721 3452 inter
744 3412 775 3452 se
800 3395 970 3470 contingant
990 3396 1094 3468 trabes,
1120 3397 1176 3455 sed

175 3493 301 3568 paribus
320 3493 497 3550 intermissae
515 3492 612 3567 spatiis
631 3491 759 3568 singulae
777 3492 895 3568 singulis
917 3493 994 3552 saxis
1015 3493 1172 3554 interiectis
