2606 3934
172 161 211 228 62
496 179 525 228 c.
548 180 642 227 ruart
662 179 835 229 caesareis
1113 177 1163 232 111.

147 329 339 400 ¹‚decertaret
383 326 450 386 Hac
473 347 504 387 re
529 329 567 388 ad
588 329 739 387 consilium
764 329 858 388 delata
877 330 927 388 ubi
954 348 1057 388 omnes
1085 331 1162 389 idem

174 427 279 484 sentire
293 426 438 498 intellexit,
449 436 597 502 posterum
611 427 688 484 diem
701 445 817 502 pugnae
832 429 987 487 constituit.
1030 434 1082 487 24.
1103 427 1163 484 Pri·

170 542 222 582 ma
249 525 312 582 luce
340 524 488 600 productis
521 525 656 584 omnibus
684 526 774 600 copiis
799 525 906 601 duplici
937 526 999 585 acie
1027 527 1162 596 instituta,

175 622 285 680 auxiliis
313 622 343 680 in
371 622 497 680 mediam
530 624 621 681 aciem
650 623 795 693 coniectis,
823 624 893 699 quid
920 624 1019 682 hostes
1052 624 1164 682 consilii

147 729 318 796 5caperent,
347 722 539 796 exspectabat.
589 721 643 791 llli,
672 721 725 779 etsi
752 731 870 798 propter
897 723 1108 781 multitudinem
1136 732 1164 780 et

124 887 126 892 Ι
174 827 299 875 veterem
330 817 397 874 belli
429 818 549 892 gloriam
581 819 812 894 paucitatemque
844 830 1009 877 nostrorum
1044 837 1074 877 se
1101 828 1164 877 tuto

176 915 360 976 dimicaturos
387 915 594 986 existimabant,
623 925 721 973 tamen
747 917 834 974 tutius
862 934 925 974 esse
956 917 1165 974 arbitrabantur

141 1079 144 1086 ,
177 1013 304 1071 obsessis
322 1013 374 1070 viis
395 1025 559 1072 commeatu
576 1014 731 1072 intercluso
753 1014 814 1072 sine
834 1013 892 1071 ullo
911 1013 1028 1072 vulnere
1049 1014 1165 1071 victoria

177 1109 263 1185 potiri
287 1118 322 1180 et,
345 1110 369 1167 si
388 1119 505 1186 propter
527 1111 655 1186 inopiam
672 1112 712 1169 rei
734 1110 935 1169 frumentariae
957 1110 1084 1168 Romani
1101 1129 1165 1168 sese

135 1229 165 1262 10
177 1203 304 1278 recipere
334 1205 505 1278 coepissent,
526 1205 680 1280 impeditos
706 1205 737 1262 in
764 1205 880 1279 agmine
908 1213 936 1262 et
964 1207 1018 1262 sub
1046 1205 1166 1263 sarcinis

177 1300 332 1358 infirmiore
353 1300 451 1358 animo
470 1301 576 1358 adoriri
594 1301 769 1376 cogitabant.
811 1299 880 1358 Huc
901 1302 1022 1359 consilio
1042 1302 1166 1376 probato

178 1399 215 1456 ab
226 1397 346 1456 ducibus
357 1398 504 1473 productis
516 1398 717 1456 Romanorum
727 1398 818 1473 copiis
828 1417 892 1457 sese
907 1399 1007 1456 castris
1021 1399 1166 1456 tenebant.

179 1495 245 1552 Hac
256 1513 286 1552 re
297 1505 449 1570 perspecta
460 1495 589 1566 Crassus,
602 1507 668 1554 cum
679 1514 730 1554 sua
741 1497 922 1554 cunctatione
930 1505 1016 1572 atque
1027 1495 1168 1571 opinione

178 1592 290 1651 timoris
316 1593 415 1650 hostes
446 1603 562 1652 nostros
592 1594 696 1652 milites
729 1594 880 1652 alacriores
909 1594 946 1651 ad
974 1595 1168 1670 pugnandum

136 1715 166 1764 15
180 1689 352 1760 effecissent,
360 1675 449 1766 'atque
464 1691 595 1748 omnium
606 1709 692 1749 voces
704 1691 875 1762 audirentur,
886 1693 1047 1767 exspectari
1062 1692 1167 1752 diutius

181 1805 243 1844 non
256 1797 398 1862 oportere,
410 1788 480 1864 quin
499 1788 537 1846 ad
551 1797 644 1846 castra
660 1789 753 1859 iretur,
768 1789 933 1847 cohortatus
947 1807 1017 1848 suos
1032 1793 1169 1850 omnibus

182 1885 361 1960 cupientibus
383 1887 421 1944 ad
440 1885 567 1944 hostium
588 1896 681 1944 castra
702 1887 857 1944 contendit.
899 1893 952 1966 253
973 1887 1018 1946 Ibi
1037 1907 1104 1947 cum
1121 1890 1170 1948 alii

182 1981 479 2058 fossas‘complerent,
494 1983 540 2042 alii
558 1983 655 2042 multis
675 1983 737 2040 telis
758 1984 896 2041 coniectis
915 1983 1081 2044 defensores
1095 1987 1169 2044 vallo

181 2080 446 2155 munitionibusque
457 2080 640 2156 depellerent,
652 2081 867 2156 auxiliaresque,
876 2082 980 2156 quibus
992 2082 1029 2140 ad
1039 2101 1169 2158 pugnam

138 2209 169 2243 20
181 2196 241 2236 non
255 2178 376 2236 multum
394 2177 516 2237 Crassus
535 2180 706 2249 confidebat,
721 2179 864 2254 lapidibus
880 2179 1001 2256 telisque
1015 2182 1170 2240 subminis-

182 2275 290 2334 trandis
305 2283 333 2332 et
347 2275 384 2333 ad
398 2293 535 2350 aggerem
549 2277 703 2352 cespitibus
718 2276 934 2352 comportandis
946 2279 1073 2353 speciem
1084 2289 1170 2355 atque

182 2373 352 2448 opinionem
363 2373 555 2447 pugnantium
568 2373 745 2448 praeberent,
756 2391 823 2431 cum
833 2373 902 2431 item
912 2376 949 2433 ab
959 2375 1089 2434 hostibus
1100 2395 1171 2435 con-

183 2482 290 2532 stanter
311 2489 345 2528 ac
366 2488 426 2554 non
443 2470 542 2528 timide
562 2479 736 2546 pugnaretur
754 2471 867 2547 telaque
886 2491 921 2531 ex
938 2474 1006 2532 loco
1025 2477 1172 2551 superiore

183 2571 274 2628 missa·
282 2586 343 2626 non
354 2567 456 2624 frustra
466 2567 636 2638 acciderent,
648 2569 756 2644 equites
768 2569 920 2628 circumitis
934 2571 1060 2630 hostium
1071 2576 1174 2632 castris

138 2696 169 2744 25
184 2666 291 2724 Crasso
303 2664 533 2722 renuntiaverunt
543 2683 603 2722 non
615 2666 717 2723 eadem
728 2685 791 2724 esse
806 2667 953 2742 diligentia
963 2671 999 2727 ab
1011 2671 1175 2730 decumana

184 2775 268 2842 porta
282 2771 375 2821 castra
388 2763 497 2820 munita
511 2762 680 2838 facilemque
694 2764 803 2821 aditum
817 2764 932 2824 habere.
975 2773 1027 2827 26.
1049 2768 1176 2828 Crassus

185 2863 312 2938 equitum
330 2859 489 2935 praefectos
508 2859 681 2930 cohortatus,
696 2869 728 2917 ut
745 2862 860 2936 magnis
876 2865 1011 2938 praemiis
1031 2867 1176 2943 pollicita-

184 2961 366 3034 tionibusque
384 2975 452 3015 suos
471 2957 635 3026 excitarent,
651 2957 719 3032 quid
737 2957 798 3016 fieri
811 2959 884 3030 velit,
899 2962 1032 3022 ostendit.
1074 2964 1178 3037 111i‚ut

185 3067 246 3118 erat
258 3057 437 3132 imperatum,
452 3053 562 3112 eductis
581 3055 616 3111 iis
630 3054 801 3126 cohortibus,
816 3074 890 3131 quae
908 3060 1053 3134 praesidio
1072 3065 1178 3122 castris

142 3187 174 3236 ³0
184 3157 299 3216 relictae
319 3154 430 3210 intritae
451 3153 488 3210 ab
508 3151 606 3209 labore
627 3161 715 3222 erant,
735 3161 764 3209 et
782 3153 911 3228 longiore
932 3157 1031 3216 itinere
1052 3159 1179 3219 circum-

186 3254 287 3324 ductis,
302 3269 339 3308 ne
353 3269 389 3308 ex
403 3249 529 3308 hostiurn
543 3249 641 3308 castris
652 3251 781 3326 conspici
794 3263 922 3326 possent,
937 3257 1068 3314 omnium
1082 3261 1180 3320 oculis
1280 3331 1281 3334 Ἴ

187 3350 387 3423 mentibusque
407 3347 444 3404 ad
462 3365 591 3422 pugnam
608 3347 723 3406 intentis
743 3347 870 3406 celeriter
888 3350 925 3408 ad
944 3369 1001 3424 eas,
1015 3371 1087 3429 quas
1102 3357 1181 3416 dixi-
1280 3341 1281 3400 i

188 3466 262 3518 mus,
286 3444 459 3504 munitiones
486 3455 674 3520 pervenerunt
702 3455 788 3522 atque
815 3446 860 3507 his
887 3451 1010 3525 prorutis
1037 3455 1116 3530 prius
1143 3457 1182 3516 in
