2634 3914
141 184 161 248 5
163 162 279 250 5-58.
366 177 412 226 un
434 177 543 226 astro
568 176 715 224 caturco
738 174 848 225 court.
874 175 904 226 V.
1071 175 1127 220 111

142 327 228 384 altera
242 345 279 384 ex
303 336 383 403 parte
407 327 540 386 Senones
565 326 764 402 Carnutesque
793 323 969 385 conscientia
996 321 1130 381 facinoris

141 425 278 500 instigari,
311 425 399 484 altera
430 425 554 484 Nervios
588 425 815 501 Aduatucosque
848 423 956 482 bellum
989 420 1131 479 Romanis

141 541 250 598 parare,
265 541 360 600 neque
380 525 434 582 sibi
449 523 675 581 voluntariorum
690 523 789 599 copias
809 523 916 592 defore,
934 521 958 580 si
977 538 1014 578 ex
1028 519 1131 576 finibus

141 621 200 679 suis
227 621 362 697 progredi
387 622 539 699 coepisset,
565 631 706 680 armatum
735 620 889 678 concilium
913 617 1018 676 indicit.
1062 615 1131 674 Hoc

140 736 223 777 more
238 717 389 776 Gallorum
409 729 453 777 est
470 719 582 776 initium
596 719 680 776 belli:
700 735 759 794 quo
778 718 843 792 lege
863 715 1010 774 communi
1028 731 1130 773 omnes
1145 731 1157 784 5

140 815 265 890 puberes
293 815 395 873 armati
423 815 577 874 convenire
606 823 797 886 consuerunt,
833 814 882 890 qui
909 831 946 870 ex
974 813 1008 870 iis
1035 812 1117 870 novis
1153 857 1156 868 .

140 912 230 972 simus
252 913 395 986 convenit,
415 913 448 971 in-
470 923 631 989 conspectu
651 911 838 970 multitudinis
862 911 998 984 omnibus
1023 910 1131 968 crucia-

141 1009 219 1068 tibus
260 1010 379 1069 affectus
419 1020 547 1070 necatur.
599 1009 637 1067 In
674 1027 710 1068 eo
746 1009 868 1067 concilio
904 1007 1130 1083 Cingetorigem,

139 1109 257 1166 alterius
281 1108 445 1184 principem
472 1109 614 1179 factionis,
638 1125 778 1182 generum
806 1124 898 1176 suum,
927 1123 1016 1181 quem
1045 1123 1131 1180 supra

139 1204 401 1264 demonstravimus
430 1205 562 1265 Caesaris
591 1215 722 1263 secutum
745 1203 833 1262 fidem
858 1204 895 1260 ab
923 1221 958 1260 eo
986 1219 1047 1260 non
1075 1203 1129 1260 dis·
1145 1224 1176 1260 ιο

139 1304 270 1374 cessisse,
292 1301 406 1362 hostem
427 1304 532 1362 iudicat
552 1305 688 1378 bonaque
709 1301 771 1360 eius
792 1301 925 1376 publicat.
968 1299 1024 1358 His
1045 1303 1130 1358 rebus

139 1400 282 1459 confectis
303 1401 334 1457 in
355 1401 485 1459 concilio·
500 1401 666 1476 pronuntiat
686 1399 855 1458 arcessitum
876 1416 907 1457 se
928 1415 945 1455 a
967 1396 1130 1456 Senonibus

139 1507 168 1556 et
189 1496 367 1556 Carnutibus
389 1498 509 1575 aliisque
527 1498 721 1573 compluribus
743 1495 852 1554 Galliae
870 1496 1045 1568 civitatibus;
1073 1495 1131 1554 huc

137 1596 245 1652 iturum
269 1613 322 1670 per
345 1595 419 1654 fines
447 1595 608 1654 Remorum
631 1613 789 1671 eorumque
813 1611 899 1668 agros
927 1593 1130 1669 populaturum

137 1710 181 1762 ac,
217 1693 387 1768 priusquam
421 1693 452 1751 id
484 1693 578 1764 faciat,
612 1702 706 1750 castra
735 1691 856 1750 Labieni
886 1700 1129 1767 oppugnaturum.
1145 1715 1173 1767 15

137 1788 224 1860 Quae
258 1789 319 1846 fieri
351 1790 423 1861 velit,
455 1790 603 1866 praecipit.
656 1795 706 1849 57.
728 1788 884 1860 Labienus,
919 1807 986 1846 cum
1018 1798 1046 1847 et
1073 1777 1128 1848 loci

136 1897 241 1945 natura
266 1896 294 1966 et
316 1905 406 1945 manu
431 1887 629 1945 munitissimis
657 1871 756 1945 castris
779 1905 842 1945 sese
864 1896 982 1957 teneret,
1012 1887 1047 1944 de
1077 1906 1130 1946 suo

136 2005 171 2045 ac
200 1987 323 2062 legionis
352 1988 480 2062 periculo
505 1987 575 2044 nihil
597 1987 731 2057 timebat;
768 2005 805 2044 ne
831 2004 918 2061 quam
943 1988 1129 2044 occasionem

135 2085 178 2143 rei
201 2086 279 2142 bene
300 2085 444 2159 gerendae
469 2085 635 2156 dimitteret,
659 2084 812 2160 cogitabat.
855 2081 957 2159 Itaque
981 2103 1002 2141 a
1023 2083 1129 2160 Cinge-

134 2183 232 2258 torige
254 2191 340 2258 atque
361 2183 422 2241 eius
444 2183 615 2260 propinquis
636 2183 766 2240 oratione
790 2181 979 2239 Indutiomari
1004 2183 1128 2258 cognita,
1143 2203 1174 2238 20

136 2299 228 2358 quam
257 2280 286 2336 in
320 2281 444 2340 concilio
477 2281 624 2354 habuerat,
657 2281 774 2339 nuntios
806 2279 890 2337 mittit
925 2279 962 2338 ad
994 2280 1129 2340 finitimas

135 2379 267 2436 civitates
289 2379 457 2455 equitesque
477 2379 605 2455 undique
626 2387 750 2437 evocat:
766 2377 810 2435 his
832 2386 941 2436 certum
962 2377 1039 2435 diem
1061 2396 1129 2436 con-

134 2475 272 2534 veniendi
297 2476 372 2534 dicit.
415 2477 538 2534 Interim,
559 2495 651 2552 prope
675 2475 779 2534 cotidie
805 2493 875 2533 cum
896 2475 981 2532 omni.
1002 2475 1130 2550 equitatu

134 2574 356 2633 Indutiomarus
387 2575 441 2632 sub
469 2575 568 2633 castris
596 2575 656 2632 eius
687 2575 850 2649 uagabatur,
880 2573 949 2631 alias
982 2583 1013 2632 ut
1043 2575 1129 2632 situm

135 2681 299 2731 castrorum
323 2681 539 2752 cognosceret,
573 2672 647 2730 alias
682 2670 869 2747 colloquendi
900 2680 949 2729 aut
982 2672 1128 2730 territandi
1142 2695 1170 2748 ²5

134 2785 244 2828 causa:
277 2769 390 2844 equites
411 2768 585 2845 plerumque*
605 2785 713 2826 omnes
736 2768 793 2826 tela
816 2767 888 2826 intra
916 2768 1021 2826 vallum
1049 2771 1129 2828 coni-

133 2867 261 2924 ciebant
304 2866 451 2925 Labienus
473 2884 540 2924 suos
557 2867 631 2923 intra
645 2865 1016 2924 munitionem-continebat
1029 2867 1128 2926 timor-

132 2964 220 3039 isque
255 2962 432 3040 opinionem,
461 2965 691 3040 quibuscumque
720 2971 834 3038 poterat
868 2965 962 3034 rebus
996 2967 1126 3038 augebat.

133 3067 189 3119 58.
216 3058 292 3118 Cum
319 3065 429 3120 maiore
457 3061 488 3118 in
516 3061 577 3120 dies
604 3061 821 3136 contemptione
846 3060 1061 3120 Indutiomarus
1090 3063 1128 3121 ad

132 3167 233 3216 castra
255 3159 412 3229 accederet,
438 3167 524 3217 noete
551 3158 804 3216 unaintromissis
829 3158 971 3234 equitibus
996 3160 1125 3218 omnium
1138 3183 1171 3234 50

131 3255 323 3314 finitimarum
351 3257 506 3328 civitatum,
536 3275 609 3333 quos
642 3256 831 3314 arcessendos
865 3267 1019 3328 curaverat,
1048 3267 1127 3317 tanta

131 3354 285 3429 diligentia
308 3372 412 3413 omnes
437 3373 505 3414 suos
534 3354 672 3413 custodiis
696 3354 771 3412 intra
798 3363 890 3412 castra
918 3356 1066 3428 continuit,
1095 3367 1127 3415 ut

130 3451 215 3509 nulla
241 3451 352 3510 ratione
381 3470 416 3511 ea
448 3471 493 3512 res
521 3452 661 3512 enuntiari
689 3461 737 3509 aut
770 3451 807 3509 ad
837 3451 981 3512 Treveros
1008 3454 1126 3530 perferri
