2652 3928
157 253 302 335 62-64·
378 265 449 314 nn
471 265 581 313 sarto
603 264 753 313 caturco
776 263 885 313 corum
913 263 976 315 νη.
1084 250 1142 332 167

198 423 250 476 63.
271 415 444 474 Defectione
455 414 624 474 Aeduomm
638 413 756 490 cognita
765 412 872 471 bellum
882 423 1011 490 augetur.
1038 409 1144 488 Legat-

155 515 238 572 iones
265 513 296 571 in
323 529 426 571 omnes
453 522 548 587 partes
576 511 851 592 circummittunttn:
883 521 1023 586 quantum
1045 512 1143 586 gratia,

156 611 332 681 auctoritate,
346 609 470 686 pecunia
483 609 586 679 valent,
600 607 638 666 ad
651 607 843 666 sollicitandas
862 607 988 666 civitates
1000 607 1144 678 nituntur;

156 708 233 766 nacti
261 707 387 779 obsides,
414 723 489 781 quos
516 704 625 764 Caesar
650 704 733 780 apud·
755 722 807 763 eos
835 704 1014 780 deposuerat,
1041 703 1145 762 horum
1191 733 1197 744 =

156 805 298 881 supplicio
309 804 472 862 dubitantes
482 803 616 861 territant.
652 800 1171 882 PebrntaVercingetorigeAedui,5

155 917 188 965 ut
202 903 239 966 ad
258 925 289 966 se
310 907 407 965 veniat
427 905 610 980 rationesque
628 904 697 962 belli
715 904 834 979 gerendi
855 906 1057 964 communicet.
1100 903 1145 964 Re

155 1005 308 1080 impetrata
330 1003 516 1072 contendunt,
539 1011 571 1060 ut
591 1002 661 1078 ipsis
690 1018 803 1059 summa
825 1002 937 1077 imperii
959 1002 1092 1073 tradatur,
1117 1010 1146 1059 et

155 1120 187 1160 re
211 1103 241 1159 in
265 1101 490 1160 controversiam
515 1099 639 1158 deducta
665 1099 751 1157 totius
776 1097 894 1157 Galliae
915 1100 1070 1158 concilium
1097 1098 1146 1157 Bi·

154 1198 253 1257 bracte
280 1198 422 1256 indicitur.
474 1196 588 1254 Eodem
616 1197 790 1254 conveniunt
817 1196 945 1272 undique
973 1195 1145 1272 frequentes.

155 1294 348 1354 Multitudinis
377 1294 520 1370 suffragiis
547 1310 593 1352 res
624 1293 812 1370 permittitur:
846 1293 885 1351 ad
916 1311 1008 1352 unum
1042 1311 1146 1352 omnes
1159 1321 1190 1356 10

154 1393 424 1470 Vercingetorigem
451 1393 576 1468 probant
601 1391 812 1466 imperatorem.
862 1390 910 1449 Ab
936 1390 994 1449 hoc
1022 1391 1145 1449 concilio

155 1489 250 1562 Remi,
285 1490 443 1566 Lingones
471 1488 589 1568 Treueri
620 1487 770 1546 afuerunt:
803 1488 851 1560 illi,
879 1490 958 1565 quod
991 1489 1145 1546 amicitiam

154 1588 357 1646 Romanorum
385 1587 578 1663 sequebantur
588 1604 603 1658 5·
626 1585 753 1656 Treveri,
778 1580 859 1662 quod
887 1588 1010 1652 aberant
1030 1587 1145 1662 longius

154 1695 183 1744 et
208 1687 244 1743 ab
269 1684 424 1744 Germanis
447 1685 658 1760 premebantur,
680 1701 754 1758 quae
777 1682 829 1742 fuit
852 1702 947 1755 causa,
972 1701 1061 1760 quare
1082 1694 1146 1742 toto

154 1785 289 1842 abessent
309 1783 386 1840 bello
407 1791 437 1840 et
455 1781 563 1839 neutris
588 1779 695 1838 auxilia
712 1781 865 1840 mitterent.
907 1781 1020 1857 Magno
1045 1781 1144 1840 dolore
1159 1807 1187 1857 15

153 1881 249 1939 Aedui
263 1880 358 1938 ferunt
376 1897 408 1937 se
423 1878 552 1937 deiectos
562 1878 731 1954 principatu,
744 1887 901 1953 quemntur
914 1878 1046 1938 fortunae
1064 1897 1144 1938 com·
1205 1907 1207 1912 .

153 1979 344 2036 mutationem
363 1986 392 2035 et
411 1975 542 2035 Caesaris
561 1975 769 2050 indulgentiam
782 1975 812 2032 in
834 1992 866 2034 se
880 1977 1034 2050 requirunt,
1049 1995 1144 2052 neque

153 2087 254 2136 tamen
278 2085 412 2152 arscepto
435 2074 511 2132 bello
534 2091 619 2132 suurn
641 2073 792 2131 consilium
816 2075 853 2132 ab
875 2074 996 2150 reliquis.
1012 2091 1144 2151 separare

155 2176 271 2233 audent
312 2173 397 2232 Inviti
425 2189 555 2231 summae
583 2172 644 2246 spei
673 2171 879 2242 adulescentes,
907 2171 1088 2248 Eporedorix
1115 2183 1144 2232 et

153 2273 363 2342 Viridomarus,
379 2270 608 2346 Vercingetorigi
624 2279 733 2344 parent.
775 2275 828 2328 64.
850 2270 919 2346 Ipse
940 2271 1061 2346 imperat
1080 2272 1143 2329 reli·
1159 2298 1189 2332 πο

155 2373 220 2448 quis
238 2371 399 2429 civitatibus
418 2369 535 2428 obsides
549 2369 682 2443 diemque
695 2368 763 2426 huic
782 2369 823 2426 rei
837 2369 990 2428 constituit.
1032 2369 1144 2430 Omnes

155 2469 274 2545 equites,
294 2467 459 2544 quindecim
479 2466 556 2523 milia
576 2483 707 2537 numem,
726 2465 854 2524 celeriter
874 2467 1029 2526 convenire
1047 2467 1144 2526 iubet:

154 2569 293 2646 peditatu,
319 2584 406 2642 quem
434 2574 518 2622 antea
545 2563 691 2634 habuerat,
720 2582 751 2622 se
778 2563 840 2623 fore
868 2574 1036 2624 contentum
1068 2566 1143 2636 dicit,

155 2683 251 2742 neque
272 2664 417 2722 fortunam
438 2670 643 2736 temptaturum
662 2670 713 2719 aut
728 2663 760 2719 in
780 2662 843 2721 acie
862 2661 1069 2734 dimicaturum,
1084 2663 1144 2734 sed,

155 2762 295 2838 quoniam
317 2760 445 2818 abundet
465 2759 602 2834 equitatu,
619 2758 753 2834 perfacile
773 2776 836 2818 esse
850 2759 928 2818 factu
947 2759 1144 2818 frumentatio·
1160 2781 1189 2831 ²5

155 2860 241 2918 nibus
262 2857 549 2934 pabulationibusque
571 2855 727 2914 Romanos
743 2857 895 2933 prohibere
905 2876 913 2930 ;
942 2875 1036 2933 aequo
1055 2859 1144 2916 modo

156 2958 256 3015 animo
277 2973 329 3014 sua
342 2954 397 3030 ipsi
412 2953 554 3012 frumenta
573 2963 758 3029 corrumpant
776 2953 961 3030 aedificiaque
980 2955 1144 3025 incendant,

156 3072 216 3129 qua
229 3055 270 3110 rei
284 3051 427 3109 familiaris
447 3051 557 3109 iactura
573 3061 743 3126 perpetuum
756 3051 910 3127 imperium
930 3052 1145 3126 libertatemque

157 3171 189 3211 se
204 3150 344 3226 consequi
368 3148 490 3208 videant.
532 3147 590 3206 His
616 3149 777 3207 constitutis
804 3150 889 3208 rebus
917 3149 1026 3207 Aeduis
1055 3148 1145 3224 Segu-

157 3249 309 3322 siavisque,
323 3247 373 3322 qui
395 3254 470 3324 sunt·
481 3245 592 3302 finitimi
612 3246 785 3320 provinciae,
800 3246 902 3304 decem
920 3247 999 3304 milia
1016 3246 1145 3322 peditum
1160 3267 1192 3316 30

157 3347 296 3420 imperat;
326 3345 383 3403 huc
403 3344 484 3402 addit
503 3344 613 3420 equites
634 3344 825 3418 octingentos.
868 3343 925 3402 His
944 3345 1071 3420 praeficit
1090 3345 1145 3403 fra·

156 3452 231 3502 trem
258 3441 465 3518 Eporedorigis
494 3439 659 3515 bellumque
691 3440 787 3498 inferri
821 3440 1025 3518 Allobrogibus
1060 3443 1145 3501 iubet.

158 3540 258 3602 Altera
281 3547 419 3616 exparte
448 3535 575 3597 Gabalos
603 3538 808 3614 proximosque
832 3556 925 3615 pagos
952 3541 1147 3603 Arvernorum
