2606 3934
132 185 270 268 24-26.
378 199 425 246 m:
447 198 557 246 auaro
581 197 730 248 onrrroo
753 198 863 248 corum.
886 199 927 248 rr.
1081 200 1123 270 45

132 354 296 431 mentisque
331 371 433 413 eorum
466 351 565 411 hostes
598 351 706 428 potitos
742 351 845 412 civitati
882 352 1124 412 renuntiaverunt.

133 460 185 513 25.
210 451 318 512 Caesar
342 453 379 510 ab
404 451 535 510 decimae
562 449 685 526 legionis
710 449 910 508 cohortatione
931 449 970 508 ad
993 450 1125 509 dextrum

133 570 226 611 cornu
239 549 395 626 profectus,
403 548 453 606 ubi
467 565 536 606 suos
550 547 646 622 urgeri
660 547 807 623 signisque
821 548 851 605 in
859 565 950 605 unum
958 547 1055 606 locum
1066 547 1126 606 col-

133 649 187 708 atis
197 647 386 706 duodecimae
395 645 518 722 legionis
528 643 674 703 confertos
682 645 786 703 milites
797 645 851 703 sibi
860 645 940 721 ipsos
950 645 987 704 ad
996 663 1126 722 pugnam

134 765 199 806 esse
213 743 515 821 impedimentovidit,
525 751 643 819 quartae
657 743 783 802 cohortis
798 745 934 803 omnibus
953 744 1125 802 centruioni-
1139 759 1153 810 5

132 843 188 904 bus
205 843 310 903 occisis
327 840 523 918 signiferoque
540 839 697 911 interfecto,
716 841 801 917 signo
818 843 935 914 amisso,
953 841 1126 917 reliquarum

134 942 297 1001 cohortium
325 941 461 999 omnibus
490 937 550 998 iere
578 938 794 998 centurionibus
821 947 871 997 aut
897 939 1051 998 vulneratis
1078 949 1127 998 aut

134 1040 247 1108 occisis
268 1040 299 1096 in
323 1038 369 1097 his
389 1037 533 1113 primipilo
558 1035 589 1094 P.
615 1035 713 1094 Sextio
734 1036 853 1109 Baculo
876 1037 1033 1096 fortissimo
1057 1037 1126 1107 viro,

134 1137 232 1197 multis
253 1136 445 1214 gravibusque
464 1134 628 1192 vulneribus
647 1133 791 1205 confect0,
806 1143 838 1192 ut
859 1134 918 1192 iam
936 1153 968 1193 se
987 1134 1127 1193 sustinere

135 1253 196 1296 uon
210 1243 317 1310 posset,
332 1233 459 1308 reliquos
471 1250 535 1291 esse
549 1231 689 1290 tardiores
703 1241 731 1289 et
742 1232 897 1290 nonnullos
911 1232 948 1290 ab
962 1231 1127 1290 novissimis
1142 1254 1171 1288 10

136 1335 250 1393 deserto
270 1331 380 1408 proelio
398 1330 537 1388 excedere
556 1348 590 1388 ac
609 1329 666 1388 tela
679 1329 775 1400 vitare,
790 1329 881 1388 hostis
893 1347 989 1406 neque
1003 1347 1021 1386 a
1034 1329 1127 1388 fronte

135 1450 172 1490 ex
191 1429 324 1488 inferiore
342 1428 409 1487 loco
429 1429 586 1487 subeuntes
605 1428 790 1486 intermittere
810 1438 838 1487 et
853 1429 890 1486 ab
903 1437 1025 1504 utroque
1039 1427 1127 1486 latere

135 1529 242 1588 instare
259 1537 288 1586 et
308 1545 370 1585 rem
389 1545 454 1585 esse
473 1526 503 1584 in
522 1536 647 1602 angusto
666 1527 736 1584 vidit
754 1544 849 1602 neque
867 1527 957 1584 ullum
977 1544 1040 1584 esse
1059 1527 1127 1584 sub-

135 1627 250 1698 sidium,
278 1625 360 1702 quod
388 1624 517 1683 submitti
544 1633 652 1700 posset,
681 1632 764 1683 scuto
792 1625 829 1682 ab
856 1625 1019 1683 novissimis
1050 1625 1125 1698 [uni]

134 1724 217 1782 militi
238 1724 377 1793 detract0,
397 1722 477 1797 quod
496 1722 559 1797 ipse
578 1740 614 1780 eo
635 1723 697 1780 sine
715 1731 798 1780 scuto
818 1731 944 1794 venerat,
958 1721 988 1780 in
1004 1723 1127 1798 primam
1143 1747 1170 1796 15

135 1823 227 1880 aciem
268 1821 410 1900 processit
452 1820 723 1896 centurionibusque
764 1821 937 1878 nominatim
978 1821 1127 1896 appellatis

134 1920 261 1994 reliquos
280 1918 446 1977 cohortatus
465 1917 568 1976 milites
588 1918 671 1992 signa
690 1918 794 1977 inferre
813 1926 842 1976 et
855 1919 1018 1994 manipulos
1032 1919 1128 1976 laxare

135 2017 226 2087 iussit,
248 2033 306 2092 quo
329 2016 438 2074 facilius
459 2015 562 2096 gladiis
581 2016 623 2074 uti
643 2027 772 2090 possent.
815 2015 904 2074 Cuius
929 2016 1054 2074 adventu
1076 2034 1128 2091 spe

136 2115 214 2173 illata
229 2115 365 2173 militibus
383 2132 416 2172 ac
433 2114 628 2188 redintegrato
642 2115 749 2184 anima,
764 2133 831 2172 cum
846 2132 899 2189 pro
914 2132 945 2173 se
959 2115 1081 2190 quisque
1098 2115 1128 2172 in

135 2222 298 2289 conspectu
314 2212 492 2288 imperatoris
514 2213 601 2270 etiam
619 2213 650 2270 in
670 2213 805 2270 extremis
826 2213 884 2270 suis
903 2214 988 2272 rebus
1008 2231 1128 2290 operam
1143 2237 1173 2270 ιο

135 2329 242 2370 navare
263 2320 390 2386 cuperet,
404 2310 523 2386 paulum
543 2310 671 2369 hostium
690 2311 815 2386 impetus
834 2311 963 2371 tardatus
982 2321 1034 2372 est.
1076 2319 1128 2372 26.

136 2407 245 2467 Caesar
264 2426 331 2466 cum
351 2409 505 2484 septimam
519 2408 673 2484 legionem,
688 2426 763 2484 quae
778 2408 857 2467 iuxta
871 2411 1046 2483 constiterat,
1061 2411 1129 2470 item

135 2506 231 2582 urgeri
245 2507 282 2564 ab
295 2506 380 2565 hoste
394 2507 518 2577 vidisset,
530 2508 660 2564 tribunos
674 2507 797 2564 militum
811 2508 933 2579 monuit,
947 2518 979 2567 ut
992 2510 1130 2586 paulatim

136 2623 200 2664 sese
208 2605 338 2680 legiones
348 2605 557 2679 coniungerent
565 2613 593 2662 et
601 2621 740 2663 conversa
748 2605 870 2680 signain
878 2605 1133 2667 hostesinferrent.

137 2705 206 2778 Quo
228 2704 305 2762 sacto
330 2721 398 2762 cum
419 2703 490 2762 alius
505 2704 551 2760 alii
576 2704 736 2762 subsidium
757 2705 850 2775 ferret,
872 2724 967 2782 neque
988 2707 1130 2778 timerent,
1144 2729 1174 2780 25

136 2822 175 2860 ne
199 2802 292 2860 aversi
313 2802 350 2861 ab
370 2801 454 2860 hoste
481 2803 761 2874 circumvenirentur,
784 2803 921 2862 audacius
942 2805 1072 2865 resistere
1097 2824 1130 2864 ac

137 2900 238 2958 lortius
247 2917 378 2975 pugnare
388 2909 553 2976 coeperunt.
595 2899 714 2958 Interim
728 2901 832 2960 milites
844 2901 992 2978 legionum
1001 2904 1130 2972 duarum,

138 3017 213 3074 quae
237 2998 267 3054 in
291 2997 450 3055 novissimo
472 2999 589 3072 agmine
609 2999 754 3075 praesidio
776 3001 989 3076 impedimentis
1010 3002 1131 3072 fuerant,

137 3095 249 3174 proelio
268 3095 400 3153 nuntiato
421 3113 505 3154 cursu
527 3097 644 3156 incitato
665 3098 696 3154 in
717 3116 832 3157 summo
852 3099 925 3157 colle
944 3101 981 3157 ab
1000 3098 1131 3158 hostibus

138 3194 398 3269 conspiciebantur,
413 3202 442 3251 et
461 3193 498 3251 T.
517 3193 662 3253 Labienus
678 3197 776 3254 castris
790 3195 917 3254 hostium
931 3198 1039 3272 potitus
1052 3207 1081 3256 et
1095 3217 1131 3256 ex
1145 3221 1176 3270 30

137 3291 205 3349 loco
226 3291 382 3365 superiore,
404 3308 478 3365 quae
499 3309 545 3349 res
566 3292 596 3348 in
617 3293 723 3351 nostris
743 3295 841 3352 castris
863 3305 1037 3370 gererentur,
1060 3314 1131 3355 con-

139 3389 266 3463 spicatus
281 3387 424 3445 decimam
433 3389 578 3464 legionem
593 3390 722 3447 subsidio
736 3391 840 3448 nostris
855 3392 939 3451 misit.
982 3392 1041 3465 Qui
1064 3413 1131 3454 cum

138 3503 176 3543 ex
191 3485 319 3562 equitum
334 3494 362 3544 et
377 3487 511 3545 calonum
525 3486 602 3562 iuga,
614 3505 673 3562 quo
688 3489 717 3545 in
732 3487 798 3546 loco
812 3507 857 3548 res
872 3499 949 3548 esset
963 3502 1130 3570 quantoque
