2634 3914
174 197 253 268 ¹142
521 193 550 244 c.
573 194 667 241 rurrr
689 191 861 242 cassania
1117 196 1172 241 vn.

190 342 329 421 legenda:
354 343 434 403 vicos
457 351 544 420 atque
563 344 694 404 aedificia
712 343 829 412 incendi
848 351 983 419 oportere
1005 341 1063 400 hoc
1086 341 1179 418 spatio

194 443 225 514 [a
249 440 333 514 Boia]
359 460 582 519 quoqueversus,
608 460 666 519 quo
691 441 847 518 pabulandi
874 458 961 500 causa
988 439 1065 498 adire
1093 456 1180 516 posse

188 535 345 598 videa'ntur.
396 539 511 598 Harum
539 540 608 616 ipsis
635 557 731 598 rerum
759 539 875 614 copiam
902 549 1063 614 suppetere,
1091 537 1179 612 quod,

190 653 314 713 quorum
333 637 363 694 in
384 636 490 696 finibus
509 637 617 696 bellum
635 647 757 712 geratur,
776 653 877 695 eorum
894 636 998 712 opibus
1018 635 1180 694 sublevent·

162 751 241 806 5ur;
263 734 417 792 Romanos
435 743 484 792 aut
497 734 626 810 inopiam
637 751 698 791 non
716 733 823 792 laturos
844 744 892 792 aut
902 750 1012 808 magno
1023 751 1089 792 cum
1106 731 1180 809 peri-

191 832 258 890 culo
272 831 387 907 longius
400 833 437 890 ab
451 832 551 890 castris
564 848 768 907 processuros:
790 849 885 908 neque
901 831 1047 902 interesse,
1062 831 1181 906 ipsosne

190 930 361 989 interficiant
371 929 621 1007 impedimentisne
636 938 750 1001 exuant,
758 929 863 1004 quibus
878 928 990 988 amissis
1000 927 1106 987 bellum
1119 926 1180 1004 geri

191 1045 252 1088 non
280 1028 379 1104 possit.
431 1027 582 1086 Praeterea
602 1027 712 1104 oppida
732 1026 846 1084 incendi
867 1036 1009 1102 oportere,
1024 1043 1098 1102 quae
1119 1043 1180 1082 non

190 1125 350 1184 munitione
374 1134 403 1184 et
426 1125 482 1184 loci
507 1135 609 1183 natura
630 1126 668 1182 ab
692 1124 771 1182 omni
797 1124 854 1182 sint
878 1124 1006 1200 periculo
1033 1133 1101 1194 tuta,
1123 1141 1180 1180 neu

148 1213 178 1288 ro
192 1224 251 1282 suis
265 1224 322 1281 sint
340 1221 377 1281 ad
392 1223 607 1281 detractandam
626 1222 755 1280 militiam
773 1222 954 1297 receptacula
972 1240 1029 1281 neu
1040 1222 1181 1282 Romanis

190 1323 339 1400 proposita
370 1321 408 1380 ad
435 1321 550 1397 copiam
578 1330 757 1379 commeatus
789 1320 985 1396 praedamque
1015 1321 1179 1379 tollendam.

192 1421 276 1480 Haec
304 1420 327 1479 si
354 1419 452 1495 gravia
481 1428 530 1476 aut
560 1419 664 1476 acerba
689 1417 846 1490 videantur,
875 1419 967 1478 multo
994 1419 1041 1478 illa
1068 1420 1180 1494 gravius

191 1518 351 1588 aestimare,
365 1517 479 1588 liberos,
494 1517 633 1591 coniuges
653 1515 684 1572 in
704 1517 868 1574 servitutem
888 1517 1023 1587 abstrahi,
1036 1517 1116 1592 ipsos
1137 1517 1180 1574 in·

191 1616 298 1688 terfici3
320 1614 444 1691 quaesit
464 1631 583 1671 necesse
605 1613 734 1672 accidere
755 1614 843 1672 victis.
878 1620 925 1672 15.
948 1614 1088 1674 Omnium
1110 1632 1180 1672 con-

148 1739 177 1788 15
192 1732 280 1773 sensu
305 1713 360 1771 hac
388 1711 531 1770 sententia
558 1712 679 1786 probata
708 1729 768 1770 uno
797 1711 842 1770 die
871 1711 993 1788 amplius
1023 1728 1066 1769 xx
1084 1713 1180 1772 ,urbes

191 1812 351 1887 Biturigum
376 1808 575 1867 incenduntur.
617 1808 686 1867 Hoc
711 1809 789 1867 idern
813 1809 844 1867 fit
868 1811 898 1867 in
924 1809 1040 1886 reliquis
1064 1811 1180 1868 civitati·
1237 1841 1251 1857 ι

191 1911 262 1968 bus:
283 1909 314 1965 in
328 1907 463 1966 omnibus
482 1907 609 1983 partibus
628 1907 762 1966 incendia
780 1909 1012 1984 conspiciuntur;
1034 1927 1107 1986 quae
1127 1909 1181 1968 etsi

190 2022 299 2082 magno
319 2004 505 2063 cumdolore
525 2022 627 2062 omnes
651 2003 791 2076 ferebant,
811 2015 910 2063 tamen
930 2005 988 2064 hoc
1008 2006 1062 2064 sibi
1081 2006 1181 2064 solacii

191 2103 402 2181 proponebant,
412 2103 493 2178 quod
504 2121 535 2162 se
546 2119 638 2179 prope
649 2102 798 2178 explorata
808 2103 926 2162 victoria
936 2103 1063 2162 celeriter
1074 2105 1182 2162 amissa

148 2225 178 2262 πο
191 2201 400 2277 reciperaturos
418 2200 610 2258 confidebant.
652 2199 832 2259 Deliberatur
850 2200 887 2258 de
908 2201 1032 2260 Avarico
1052 2201 1082 2260 in
1101 2215 1182 2259 corn-

190 2299 272 2356 muni
299 2298 432 2368 concilio,
457 2297 573 2356 incendi
600 2297 733 2372 placeret,
756 2315 794 2355 an
819 2297 943 2358 defendi
984 2297 1183 2356 Procumbunt

191 2395 326 2452 omnibus
345 2392 435 2452 Gallis
455 2393 492 2452 ad
509 2393 599 2470 pedes
621 2391 773 2469 Bituriges,
788 2412 826 2452 ne
848 2395 1069 2471 pulcherrimam
1089 2411 1182 2470 prope

190 2491 279 2550 totius
293 2489 404 2549 Galliae
418 2491 528 2561 urbem,
543 2509 617 2566 quae
631 2491 774 2566 praesidio
789 2501 818 2550 et
831 2502 1002 2551 ornamento
1017 2493 1053 2550 sit
1067 2493 1182 2564 civitati,

191 2589 250 2647 suis
272 2589 407 2646 manibus
429 2588 605 2648 succendere
625 2599 814 2664 cogerentur:
838 2589 922 2649 facile
944 2607 975 2649 se
1002 2590 1058 2650 loci
1079 2601 1183 2652 natura

146 2711 175 2760 ²5
190 2683 360 2743 defensuros
379 2685 486 2755 dicunt,
501 2685 580 2760 quod
599 2702 690 2761 prope
710 2704 746 2744 ex
765 2686 900 2746 omnibus
919 2689 1048 2763 partibus
1062 2687 1183 2749 flumine
1277 2730 1283 2748 t

189 2791 218 2840 et
236 2782 341 2858 palude
360 2781 535 2840 circumdata
555 2800 646 2840 unum
667 2782 772 2840 habeat
792 2792 821 2841 et
840 2795 1048 2860 perangustum
1062 2787 1182 2846 aditum.

189 2879 282 2938 Datur
309 2880 473 2955 petentibus
500 2879 582 2936 venia
610 2879 794 2938 dissuadente
818 2881 911 2956 primo
933 2881 1182 2960 Vercingetorige,

191 2985 259 3053 post
280 2977 458 3036 eoncedente
479 2987 507 3035 et
528 2977 661 3053 precibus
680 2978 810 3053 ipsorum
831 2988 860 3038 et
880 2981 1076 3040 misericordia
1094 2983 1181 3060 volgi.

191 3073 371 3134 Defensores
404 3074 515 3152 oppido
548 3074 646 3132 idonei
677 3074 845 3150 deliguntur.
888 3083 939 3138 16.
961 3077 1182 3156 Vercingetorix

146 3198 178 3248 30
191 3173 349 3231 minoribus
369 3171 525 3231 Caesarem
544 3171 691 3230 itineribus
713 3173 894 3250 subsequitur
914 3185 942 3234 et
961 3175 1059 3235 locum
1080 3179 1182 3240 castris

193 3269 291 3345 deligit
311 3270 462 3346 paludibus
484 3270 617 3346 silvisque
637 3271 780 3328 munitum
801 3273 838 3330 ab
856 3273 980 3333 Avarico
1001 3275 1088 3351 longe
1102 3277 1183 3335 milia

191 3384 329 3442 passuum
352 3385 415 3428 xvr.
457 3368 501 3426 Ibi
525 3385 576 3445 per
600 3377 693 3427 certos
717 3369 912 3445 exploratores
936 3373 966 3430 in
988 3373 1101 3450 singula
1123 3375 1183 3438 diei

192 3473 331 3542 tempora,
346 3483 420 3542 quae
440 3467 478 3525 ad
497 3466 649 3525 Avaricum
668 3478 828 3542 agerentur,
844 3473 1040 3546 cognoscebat
1058 3481 1095 3544 et,
1110 3473 1184 3549 quid
