2634 3914
139 189 277 258 23-25.
363 187 410 235 ur
431 187 541 235 auaro
565 159 716 236 onrrrco'
737 187 846 239 coum
874 191 903 238 ν.
1089 187 1130 258 95

138 337 287 412 angustius
306 347 485 413 provenerat,
500 348 620 397 coactus
637 347 681 396 est
694 339 774 397 aliter
788 357 823 398 ac
837 331 1032 415 superioribus
1046 337 1129 394 annis

138 435 294 493 exercitum
308 435 338 491 in
352 435 479 494 hibernis
494 436 636 494 collocare
650 436 837 513 legionesque
848 437 878 494 in
892 437 988 512 plures
1003 435 1129 493 civitates

138 532 314 590 distribuere.
356 531 401 591 Ex
423 533 527 610 quibus
548 551 637 590 unam
657 534 687 590 in
710 533 843 592 Morinos
861 533 1030 592 ducendam
1053 530 1129 590 Gaio

137 629 228 688 Fabio
254 630 351 707 legato
379 631 465 703 dedit,
494 631 612 689 alteram
639 631 669 688 in
697 629 820 690 Nervios
848 630 959 702 Quinto
987 617 1132 698 Ciceroni,¹

32 719 34 725 ¹
136 729 249 786 tertiam
270 729 300 786 in
322 727 449 787 Esubios
470 728 563 788 Lucio
585 728 711 800 Roscio;
737 738 868 805 quartam
888 731 919 786 in
940 728 1041 786 Remis
1062 745 1157 796 cum5

138 824 208 883 Tito
231 825 362 884 Labieno
384 826 414 882 in
436 826 564 884 confinio
586 825 778 884 Treverorum
799 825 926 884 hiemare
947 825 1044 897 iussit;
1072 833 1130 882 tres

136 923 167 980 in
190 923 287 998 Belgis
312 923 479 982 collocavit:
504 923 548 982 his
573 923 706 982 Marcum
730 922 868 981 Crassum
891 932 1074 1000 quaestorem
1102 932 1131 980 et

138 1020 261 1080 Lucium
284 1021 449 1079 Munatium
474 1021 614 1080 Plancum
638 1031 667 1080 et
690 1020 796 1080 Gaium
818 1021 999 1079 Trebonium
1018 1020 1129 1096 legatos

137 1117 281 1194 praefecit.
323 1117 422 1176 Unam
449 1119 605 1194 legionem,
633 1135 722 1193 quam
753 1118 884 1194 proxime
911 1127 991 1176 trans
1018 1117 1130 1176 Padum

138 1217 356 1292 conscripserat,
385 1225 413 1274 et
441 1217 576 1275 cohortes
604 1217 731 1293 quinque
759 1217 789 1274 in
816 1215 977 1287 Eburones,
1007 1233 1130 1293 quorum
1146 1239 1176 1276 ιο

138 1332 204 1389 pars
223 1314 350 1371 maxima
363 1323 407 1372 est
426 1314 499 1372 inter
513 1313 630 1372 Mosam
649 1332 683 1372 ac
705 1314 850 1384 Rhenum,
866 1315 916 1391 qui
937 1314 991 1372 sub
1009 1313 1130 1389 imperio

138 1411 315 1487 Ambiorigis
336 1421 365 1469 et
385 1411 535 1470 Catuvolci
556 1422 645 1482 erant,
665 1412 751 1470 misit.
793 1411 850 1470 His
872 1413 1009 1470 militibus
1037 1410 1131 1482 Quin·

137 1519 200 1566 tum
224 1509 368 1567 Titurium
392 1509 531 1567 Sabinum
556 1518 585 1566 et
612 1502 735 1567 Lucium
763 1509 990 1568 Aurunculeium
1015 1508 1131 1568 Cottam

137 1607 248 1682 legatos
263 1625 396 1683 praeesse
411 1607 499 1666 iussit.
541 1607 590 1665 Ad
603 1607 681 1665 hunc
699 1608 821 1666 modum
841 1608 996 1666 distributis
1010 1605 1131 1683 legioni·

136 1705 191 1762 bus
211 1704 343 1762 facillime
362 1705 477 1781 inopiae
496 1705 697 1764 frumentariae
716 1724 780 1764 sese
798 1705 908 1764 mederi
928 1723 1016 1782 posse
1036 1705 1175 1776 existi-15

137 1802 232 1860 mavit.
286 1801 384 1878 Atque
412 1801 514 1862 harum
542 1813 641 1861 tamen
668 1804 800 1862 omnium
827 1803 975 1879 legionum
1001 1803 1130 1874 hiberna,

136 1909 340 1976 praeteream,
361 1919 449 1976 quam
466 1900 558 1960 Lucio
584 1901 694 1960 Roscio
717 1902 747 1959 in
769 1901 981 1979 pacatissimam
1001 1910 1030 1958 et
1051 1901 1131 1976 quie-

136 1997 278 2054 tissimam
306 2006 418 2072 partem
444 1997 607 2056 ducendam
629 1997 755 2069 dederat,
774 1999 889 2056 milibus
908 2015 1048 2073 passuum
1062 2015 1128 2055 cen·

136 2102 198 2150 tum
219 2092 448 2150 continebantur.
490 2093 559 2169 lpse
580 2094 695 2164 interea,
711 2095 809 2170 quoad
827 2095 956 2170 legiones
976 2094 1130 2152 collocatas

136 2190 305 2267 munitaque
319 2190 439 2249 hiberna
454 2192 647 2266 cognovisset,
662 2191 692 2248 in
707 2191 801 2250 Gallia
815 2193 920 2250 morari
934 2193 1089 2251 constituit.
1145 2217 1177 2253 πο

178 2293 231 2346 25.
252 2287 321 2346 Erat
335 2288 365 2345 in
380 2287 555 2347 Carnutibus
569 2307 684 2347 summo
695 2288 762 2347 loco
776 2298 859 2347 natus
874 2289 1037 2365 Tasgetius,
1049 2291 1130 2348 cuius

136 2385 261 2444 maiores
282 2386 312 2443 in
334 2404 388 2445 sua
409 2387 521 2444 civitate
542 2405 664 2462 regnum
685 2387 874 2445 obtinuerant.
916 2387 995 2446 Huic
1024 2386 1131 2446 Caesar

136 2501 190 2560 pro
209 2484 270 2541 eius
290 2483 391 2541 virtute
411 2495 497 2560 atque
516 2485 547 2542 in
568 2502 599 2542 se
620 2485 828 2555 benevolentia,
844 2484 924 2562 quod
943 2485 974 2542 in
995 2486 1130 2544 omnibus

135 2582 217 2640 bellis
240 2583 377 2658 singulari
398 2583 459 2641 eius
482 2601 571 2658 opera
593 2582 684 2642 fuerat
706 2603 783 2655 usus,
805 2586 947 2642 maiorum
968 2584 1067 2643 locum
1086 2603 1130 2642 re-

136 2681 272 2738 stituerat.
328 2679 461 2738 Tertium
491 2681 549 2738 iarn
579 2681 657 2738 hunc
689 2700 798 2740 annum
826 2691 996 2758 regnantem
1022 2682 1131 2740 inimici
1146 2701 1173 2752 25

136 2779 232 2836 multis
250 2778 347 2854 palam
366 2797 403 2836 ex
425 2779 536 2836 civitate
559 2780 724 2837 auctoribus
744 2779 954 2838 interfecerunt.
996 2778 1131 2838 Defertur

136 2894 172 2933 ea
185 2893 230 2934 res
245 2875 282 2933 ad
297 2873 463 2934 Caesarem.
504 2863 556 2933 Ille
570 2877 684 2948 veritus,
700 2877 779 2952 quod
793 2877 831 2935 ad
851 2878 946 2953 plures
960 2877 1128 2954 pertinebat,

137 2991 175 3030 ne
197 2973 295 3032 civitas
317 2979 418 3032 eoru'm
442 2973 568 3050 impulsu
591 2974 733 3045 deficeret,
755 2974 878 3033 Lucium
903 2975 1042 3033 Plancum
1064 2992 1130 3032 cum

136 3071 253 3148 legione
266 3091 303 3130 ex
317 3071 419 3149 Belgio
433 3069 563 3132 celeriter
581 3074 612 3130 iu
626 3073 767 3133 Carnutes
781 3075 926 3152 proficisci
942 3075 1021 3132 iubet
1034 3074 1130 3150 ibique

136 3169 273 3240 hiemare,
294 3189 476 3247 quorumque
497 3189 586 3247 opera
607 3182 784 3247 cognoverat
803 3173 975 3246 Tasgetium
998 3171 1131 3230 interfec·
1145 3189 1177 3238 30

136 3277 208 3338 tum,
222 3267 276 3326 hos
295 3269 523 3345 comprehensos
542 3269 629 3327 adse
650 3270 769 3328 mittere.
811 3267 930 3328 Interim
944 3271 981 3328 ab
996 3265 1131 3328 omnibus

140 3365 253 3442 [legatis
275 3347 554 3440 quaestoribusque],
575 3365 679 3442 quibus
701 3353 831 3443 legiones
851 3368 1013 3439 tradiderat,
1029 3367 1132 3428 certior

133 3463 232 3521 ¹lactus
254 3462 349 3521 estin
370 3461 491 3520 hiberna
514 3473 685 3539 perventum
705 3465 861 3541 locumque
891 3466 1041 3540 [hibernis]
1066 3483 1131 3524 esse
