2634 3914
153 197 249 266 2-5-
369 197 416 245 DE
438 196 548 244 BELLO
571 195 722 245 GALLIGO
744 194 854 244 COMM·
880 194 939 248 VII.
1008 262 1011 270 1
1086 193 1145 264 137

153 347 233 418 bant,
258 345 407 421 expellitur
434 364 470 404 ex
498 344 608 421 oppido
633 343 795 420 Gergovia3
826 360 887 401 non
915 341 1022 401 destitit
1049 350 1145 400 tamen

154 455 243 519 atque
273 443 303 502 in
330 444 405 520 agris
433 443 520 502 habet
551 443 694 501 delectum
721 441 868 518 egentium
896 458 931 499 ac
958 439 1144 516 perditorum.

154 539 223 599 Hac
247 550 349 600 coacta
372 559 470 612 manu,
492 557 691 618 quoscumque
715 539 775 598 adit
798 557 834 597 ex
859 539 979 606 civitate,
1002 537 1039 596 ad
1063 555 1146 595 suam

154 638 325 696 sententiam
343 638 490 714 perducit;
514 638 651 708 hortatur,
669 645 701 695 ut
720 637 883 695 communis
901 635 1038 694 libertatis
1058 653 1146 693 causa

153 753 235 794 arma
259 737 381 813 capiant,
409 736 581 812 magnisque
606 736 714 794 coactis
742 735 833 811 copiis
861 733 1039 792 adversarios
1067 749 1173 803 suos,5

154 834 295 910 aquibus
314 834 401 910 paulo
422 843 489 892 ante
510 842 571 892 erat
591 833 707 902 eiectus,
721 832 837 908 expellit
858 851 894 890 ex
913 832 1036 890 civitate.
1078 830 1144 890 Rex

153 930 191 988 ab
213 930 273 989 suis
296 931 465 1008 appellatur.
506 929 631 989 Dimittit
651 947 869 1007 quoqueversus
889 929 1066 1005 legationes;
1093 929 1145 987 ob-

153 1037 281 1100 testatur,
292 1038 324 1087 ut
337 1030 368 1086 in
379 1028 436 1087 fide
450 1037 596 1087 maneant.
638 1025 775 1086 Celeriter
789 1027 843 1085 sibi
858 1027 999 1098 Senones,
1010 1026 1144 1098 Parisios,

154 1126 298 1199 Pictones
320 1125 478 1199 Cadurcos,
500 1125 648 1198 Turonos,
669 1125 818 1196 AulercoS,
840 1124 1019 1196 Lemovices,
1041 1125 1145 1183 Andos

153 1225 336 1300 reliquosque
358 1241 469 1294 omnes,
491 1223 540 1299 qui
561 1221 714 1283 Oceanum
726 1223 886 1298 attingrmt,
907 1221 1053 1298 adiungit:
1082 1240 1190 1286 om-10

153 1322 234 1380 nium
262 1340 407 1380 consensu
434 1321 472 1379 ad
499 1339 566 1379 eum
596 1320 722 1379 defertur
751 1321 912 1396 imperium.
954 1317 1023 1390 Qua
1049 1320 1146 1378 oblata

153 1429 295 1498 potestate
319 1420 454 1479 omnibus
482 1418 526 1478 his
550 1417 710 1478 civitatibus¹
734 1419 851 1477 obsides
879 1418 1009 1494 imperat,
1034 1426 1146 1476 certum

152 1501 304 1576 numerum
330 1517 451 1575 militum
478 1516 516 1576 ad
544 1534 575 1576 se
603 1516 730 1577 celeriter
757 1516 863 1576 adduci
890 1517 976 1586 iubet,
998 1534 1144 1574 armorum

152 1623 293 1691 quantum
314 1633 445 1692 quaeque
463 1614 561 1675 civitas
582 1613 662 1673 domi
683 1613 820 1691 quodque
842 1623 908 1673 ante
929 1623 1044 1690 tempus
1066 1613 1143 1672 effic-

152 1713 200 1784 iat,
228 1712 375 1770 constituit
382 1730 391 1785 3
423 1711 563 1787 imprimis
587 1711 725 1787 equitatui
752 1711 856 1770 studet.
900 1709 1037 1770 Summae
1061 1711 1187 1792 dilig-15

153 1810 247 1868 entiae
281 1827 426 1868 summam
458 1809 570 1885 imperii
604 1809 783 1868 severitatem
811 1808 910 1881 addit;
944 1809 1142 1884 magnitudine

154 1907 285 1984 supplicii
305 1906 469 1966 dubitantes
491 1906 576 1983 cogit
619 1905 698 1965 Nam
721 1906 831 1966 maiore
855 1907 1013 1966 commisso
1038 1907 1142 1966 delicto

152 2007 213 2082 igni
227 2015 313 2083 atque
327 2005 461 2064 omnibus
478 2005 629 2064 tormentis
645 2013 738 2075 necat,
752 2005 858 2064 leviore
875 2005 911 2065 de
925 2023 1014 2064 causa
1027 2005 1142 2064 auribus

154 2105 275 2163 desectis
303 2113 353 2162 aut
384 2104 503 2180 singulis
533 2103 647 2163 effossis
681 2104 773 2163 oculis
804 2104 925 2162 domurn
955 2105 1081 2175 remittit,
1109 2113 1141 2162 ut

153 2203 211 2260 sint
229 2202 347 2278 reliquis
368 2201 544 2260 documento
565 2211 594 2260 et
613 2201 812 2277 magnitudine
833 2219 945 2278 poenae
966 2211 1142 2278 perterreant
1157 2230 1187 2266 πο

153 2301 233 2360 alios.
276 2307 305 2360 5.
327 2299 383 2360 His
403 2301 550 2376 suppliciis
564 2301 692 2360 celeriter
709 2310 811 2360 coacto
829 2299 957 2360 exercitu
975 2300 1141 2360 Lucterium

153 2397 326 2470 Cadurcum,
342 2417 472 2458 summae
488 2399 637 2458 hominem
654 2399 799 2472 audaciae,
814 2418 882 2458 cum
898 2409 979 2476 parte
993 2401 1142 2478 copiarum

151 2497 183 2554 in
214 2495 346 2555 Rutenos
376 2496 462 2554 mittit
469 2515 477 2568 ;
509 2498 571 2572 ipse
602 2497 632 2555 in
659 2495 802 2572 Bituriges
832 2497 1029 2574 proficiscitur.
1071 2498 1142 2558 Eius

152 2594 277 2653 adventu
295 2593 437 2669 Bituriges
455 2594 493 2652 ad
512 2594 640 2666 Aeduos,
658 2612 782 2670 quorum
799 2604 882 2653 erant
899 2596 930 2653 in
949 2596 1015 2668 fide,
1029 2595 1142 2678 legatos

151 2693 269 2750 mittunt
299 2691 458 2750 subsidium
487 2701 629 2767 rogatum,
658 2709 717 2768 quo
746 2691 855 2752 facilius
884 2692 1012 2752 hostium
1043 2696 1142 2772 copias
1157 2718 1185 2767 ²5

152 2789 292 2847 sustinere
306 2789 424 2864 possint
467 2789 563 2847 Aedui
577 2789 614 2849 de
628 2789 749 2848 consilio
763 2790 932 2866 legatorum,
945 2810 1019 2869 quos
1033 2792 1142 2853 Caesar

151 2886 190 2944 ad
210 2887 367 2944 exercitum
388 2886 548 2962 reliquerat,
569 2887 669 2963 copias
690 2888 832 2964 equitatus
853 2888 1053 2966 peditatusque
1075 2892 1142 2958 sub:

152 2983 226 3043 sidio
257 2982 432 3060 Biturigibus
462 2984 586 3043 mittunt.
629 2983 688 3056 Qui
716 3002 782 3043 cum
810 2987 849 3044 ad
875 2986 985 3046 flumen
1015 2987 1143 3064 Ligerim

150 3081 305 3150 venissent,
322 3080 402 3158 quod
421 3079 565 3157 Bituriges
582 3082 620 3140 ab
638 3081 748 3141 Aeduis
768 3083 873 3154 dividit,
894 3102 1004 3160 paucos
1024 3086 1085 3144 dies
1103 3086 1143 3144 ibi

150 3182 255 3239 morati
276 3199 371 3256 neque
392 3180 500 3238 flumen
520 3181 640 3240 transire
661 3181 723 3239 ausi
743 3181 864 3240 domurn
884 3194 1062 3244 revertuntur
1082 3187 1142 3263 leg·
1157 3207 1188 3255 30

151 3280 263 3355 atisque
291 3279 396 3337 nostris
424 3279 588 3337 renuntiant
614 3297 646 3338 se
673 3278 835 3354 Biturigum
862 3281 1011 3356 perfidiam
1039 3285 1143 3344 veritos

150 3377 308 3448 revertisse,
324 3377 428 3453 quibus
445 3376 474 3434 id
494 3376 605 3434 consilii
621 3375 709 3434 fuisse
728 3379 923 3451 cognoverint,
938 3390 978 3452 ut,
994 3381 1017 3440 si
1034 3382 1143 3442 flumen

150 3475 329 3546 transissent,
343 3492 402 3532 una
420 3492 456 3532 ex
475 3482 556 3550 parte
575 3473 637 3549 ipsi,
657 3473 746 3532 altera
763 3474 884 3533 Arverni
904 3494 934 3535 se
953 3479 1143 3541 circumsiste-
