2652 3928
158 234 293 306 27-31.
391 237 437 284 ou
457 237 566 286 uarro
591 237 871 308 catardo-corun.
899 237 975 286 rrrr.
1086 236 1145 309 197

156 383 312 461 hostesque
343 384 414 444 nihil
444 386 568 463 amplius
596 387 746 465 copiarum
773 377 965 456 accessurum*
986 379 1145 458 credentes,

156 492 187 540 ut
223 484 314 559 pridie
348 495 553 560 cognoverant,
589 486 704 566 delendi
741 487 885 562 equitatus
919 487 1009 545 nostri
1048 484 1146 543 nancti

157 582 342 640 occasionem
361 583 538 641 videbantur.
582 590 634 643 29.
656 585 732 644 Cum
752 585 927 660 aliquamdiu
946 603 1060 644 summa
1076 600 1147 642 con·

156 680 286 737 tentione
311 679 502 751 dimicaretur,
525 679 697 741 Dumnacus
725 683 837 741 instruit
862 685 963 755 aciem,
989 701 1063 760 quae
1088 680 1148 740 suis

157 786 233 835 esset
253 777 396 852 equitibus
417 777 560 836 invicem
582 779 742 855 praesidio:
771 799 838 839 cum
862 790 980 857 repente
1000 778 1174 843 consertae5'

156 875 285 950 legiones
320 874 350 932 in
382 885 573 950 conspectum
603 876 731 935 hostium
762 881 889 938 veniunt.
932 877 1046 949 Quibus
1081 876 1147 935 visis

156 972 304 1048 perculsae
329 973 518 1030 barbarorum
540 983 651 1032 turmae
673 992 707 1032 ac
732 978 896 1050 perterritae
918 977 996 1034 acies
1020 975 1148 1034 bostium

156 1071 320 1144 perturbato
351 1069 624 1146 impedimentorum
652 1074 768 1148 agmine
796 1092 905 1151 magno
933 1074 1058 1132 clamore
1091 1074 1148 1132 dis·

156 1186 299 1244 cursuque
331 1167 441 1244 passim
469 1166 555 1243 fugae
587 1185 618 1226 se
646 1172 794 1230 mandant.
837 1171 877 1230 At
907 1171 998 1229 nostri
1029 1171 1148 1247 equites

156 1267 205 1340 qui
232 1265 319 1341 paulo
347 1275 414 1322 ante
443 1283 510 1322 cum
542 1266 739 1326 resistentibus
767 1269 921 1328 fortissime
949 1269 1147 1340 conflixerant,
1165 1301 1193 1337 10

155 1365 261 1423 laetitia
294 1365 429 1422 victoriae
463 1363 528 1422 elati
562 1382 672 1440 magno
709 1367 838 1444 undique
873 1369 1000 1426 clamore
1035 1367 1147 1426 sublato

156 1463 325 1521 cedentibus
349 1461 524 1533 circumfusi,
547 1475 689 1538 quantum
716 1483 858 1541 equorum
885 1467 959 1524 vires
987 1465 1025 1524 ad
1052 1483 1150 1542 perse·

156 1559 305 1634 quendum
340 1559 514 1634 dextraeque
546 1559 584 1616 ad
614 1561 795 1620 caedendum
829 1561 932 1632 valent,
969 1569 1081 1619 tantum
1111 1578 1148 1619 eo

156 1657 266 1733 proelio
294 1657 475 1714 interficiunt.
518 1655 621 1732 Itaqu'e
643 1659 766 1734 amplius
786 1661 901 1719 milibus
923 1677 963 1718 rm
984 1669 1034 1718 aut
1055 1677 1149 1717 arma-

156 1765 252 1813 torum
265 1765 314 1812 aut
328 1772 437 1824 eorum,
452 1754 502 1829 qui
519 1771 555 1813 eo
572 1756 675 1813 timore
693 1775 774 1816 arma
790 1759 980 1834 proiecerant,
994 1755 1149 1816 interfectis
1164 1767 1193 1823 15

156 1852 252 1910 omnis
266 1851 419 1910 multitudo
434 1851 545 1926 capitur
559 1852 841 1928 impedimentorum.

197 1957 249 2010 30.
272 1949 340 2022 Qua
363 1968 400 2008 ex
425 1948 494 2025 fuga
518 1967 586 2008 cum
611 1961 756 2010 constaret
783 1952 961 2029 Drappetem
990 1952 1148 2026 Senonem,

157 2051 214 2126 qui,
235 2059 268 2108 ut
288 2049 414 2126 primurn
436 2047 580 2106 defecerat
602 2047 705 2120 Gallia,
727 2050 852 2110 collectis
877 2051 1006 2126 undique
1030 2051 1148 2127 perditis

156 2147 331 2218 hominibus,
356 2145 444 2204 servis
469 2144 506 2203 ad
534 2145 693 2204 libertatem
720 2148 836 2218 voeatis,
862 2148 993 2206 exulibus
1017 2148 1149 2205 omnium

157 2248 302 2306 civitatum
327 2245 431 2314 ascitis,
454 2245 577 2320 receptis
601 2245 759 2304 latronibus
783 2247 992 2322 impedimenta
1015 2257 1044 2305 et
1069 2264 1149 2305 com·
1165 2271 1196 2306 ιο

72 2363 74 2368 ·
156 2356 269 2405 meatus
297 2345 500 2404 Romanorum
532 2345 730 2420 interceperat,
758 2337 819 2404 non
848 2347 971 2422 amplius
998 2345 1150 2404 hominum

156 2445 271 2502 milibus
290 2462 326 2502 ex
340 2443 410 2518 fuga
428 2442 556 2518 quinque
572 2443 698 2502 collectis
718 2444 897 2520 provinciam
917 2455 1015 2520 petere
1035 2461 1150 2520 unaque

157 2543 312 2602 consilium
343 2559 411 2599 cum
443 2557 479 2598 eo
512 2539 680 2600 Lucterium
713 2541 879 2600 Cadurcum
910 2543 1031 2618 cepisse,
1064 2560 1151 2618 quem

157 2642 303 2716 superiore
327 2637 537 2697 commentario
562 2639 655 2714 prima
681 2638 842 2697 defectione
868 2637 979 2698 Galliae
1002 2639 1097 2698 facere
1121 2639 1174 2696 in⁴

156 2738 334 2814 provinciam
351 2735 477 2793 voluisse
491 2735 631 2811 impetum
647 2737 796 2812 cognitum
811 2745 862 2808 est,
878 2736 1018 2796 Caninius
1040 2738 1151 2814 legatus
1166 2759 1195 2809 25

157 2854 224 2894 cum
245 2834 409 2910 legionibus
430 2833 542 2892 duabus
563 2833 601 2890 ad
621 2851 674 2892 eos
695 2836 914 2911 persequendos
936 2837 1092 2906 contendit,
1114 2855 1151 2910 ne
1228 2855 1231 2860 ·

157 2935 328 2994 detrimento
353 2941 402 2990 aut
427 2932 531 2990 timore
556 2932 722 3008 provinciae
746 2953 855 3009 magna
882 2935 1001 2994 infamia
1025 2936 1151 3012 perdito·

156 3050 220 3090 rurn
239 3032 391 3094 hominum
410 3031 566 3089 latrociniis
585 3041 741 3106 caperetur.
784 3037 828 3092 31.
853 3030 944 3090 Gaius
963 3033 1069 3091 Fabius
1085 3051 1152 3091 cum

156 3130 267 3205 reliquo
284 3130 410 3188 exercitu
429 3129 458 3186 in
473 3127 615 3187 Carnutes
630 3138 798 3204 ceterasque
813 3129 1001 3205 proficiscitur
1015 3130 1151 3201 civitates

157 3243 279 3302 quarum
306 3244 342 3285 eo
373 3225 493 3302 proelio,
523 3225 602 3302 quod
631 3243 698 3283 curn
725 3225 880 3284 Dumnaco
908 3225 1023 3299 fecerat,
1052 3228 1151 3303 copias
1167 3246 1198 3296 30

157 3345 222 3386 esse
253 3327 363 3384 accisas
394 3326 512 3384 sciebat.
554 3323 625 3382 Non
653 3325 732 3382 enim
761 3325 918 3395 dubitabat,
948 3326 1018 3401 quin
1045 3329 1152 3386 recenti

158 3424 320 3483 calamitate
353 3423 554 3481 submissiores
585 3432 683 3481 essent
712 3423 833 3493 futurae,
866 3422 934 3482 dato
962 3442 1030 3484 vero
1060 3427 1152 3501 spatio

158 3541 192 3580 ac
225 3531 356 3596 ternpore
390 3520 495 3580 eodem
528 3520 682 3595 instigante
709 3519 865 3579 Dumnaco
894 3531 1015 3598 possent
1043 3525 1152 3584 concit-

157 3621 207 3681 ari.
250 3618 317 3691 Qua
339 3619 369 3678 in
391 3637 422 3678 re
444 3636 559 3678 summa
578 3617 904 3696 felicitasceleritasque
927 3622 957 3678 in
978 3623 1152 3700 recipiendis
