2606 3934
176 192 218 252 42
462 189 531 238 wc.
552 189 837 240 winomannus
991 151 994 158 Δ
1127 192 1163 238 11.

178 337 322 416 superiore
350 349 431 417 parte
456 339 597 412 silvestris,
622 350 655 399 ut
682 359 743 400 non
766 339 849 399 facile
877 337 1017 398 introrsus
1042 336 1166 416 perspici

177 447 284 512 posset.
327 437 406 496 lntra
425 457 474 496 eas
494 439 577 498 silvas
593 439 691 496 hostes
710 439 740 496 in
754 437 869 496 occulto
884 455 946 495 sese
962 435 1166 508 continebant,

177 535 208 592 in
228 545 328 612 aperto
352 536 418 596 loco
441 537 599 596 secundum
618 537 726 594 flumen
747 553 857 611 paucae
879 535 1016 592 stationes
1037 533 1167 609 equitum

178 633 356 692 videbantur.
398 634 538 693 Fluminis
565 643 626 693 crat
649 633 767 691 altitudo
797 633 907 690 circiter
926 632 1041 708 pedum
1071 631 1166 689 trium.

152 734 165 784 5
179 737 226 789 19.
248 729 357 789 Caesar
367 732 495 807 equitatu
504 731 661 807 praemisso
671 731 898 807 subsequebatur
909 730 1044 787 omnibus
1056 728 1165 804 copiis;

178 828 231 887 sed
251 829 323 886 ratio
344 829 473 904 ordoque
494 829 616 904 agminis
637 828 718 886 aliter
739 846 770 886 se
791 827 923 898 habebat,
945 845 979 886 ac
1000 825 1107 902 Belgae
1129 824 1167 884 ad

78 953 80 960 v
113 919 115 922 ’
178 925 301 984 Nervios
329 913 493 992 detulerant.
536 925 614 984 Nam
634 925 715 1001 quod
735 925 773 983 ad
793 925 884 983 hostis
905 923 1166 1001 appropinquabat,

178 1023 385 1082 consuetudine
413 1041 465 1082 sua
490 1022 596 1082 Caesar
624 1041 676 1081 sex
699 1023 829 1098 legiones
853 1022 1002 1098 expeditas
1027 1020 1167 1091 ducebat;

178 1131 247 1196 post
264 1139 313 1180 eas
332 1121 419 1179 totius
437 1122 577 1180 exercitus
596 1121 803 1198 impedimenta
818 1121 971 1180 collocarat
981 1137 989 1190 ;
1012 1117 1079 1176 inde
1094 1117 1168 1174 duae

137 1232 167 1266 10
178 1219 316 1294 legioneS,
344 1237 419 1295 quae
446 1236 588 1295 proxume
613 1219 793 1295 conscriptae
821 1227 910 1289 erant,
939 1226 1033 1275 totum
1061 1233 1168 1291 agmen

179 1316 349 1374 claudebant
363 1316 565 1392 praesidioque
582 1315 794 1391 impedimentis
809 1325 896 1374 erant.
938 1313 1058 1390 Equites
1078 1311 1169 1370 nostri

179 1432 246 1472 cum
280 1413 474 1472 funditoribus
509 1413 719 1488 sagittariisque
754 1413 862 1472 flumen
896 1411 1066 1488 transgressi
1101 1427 1169 1468 cum

178 1511 305 1592 hostium
326 1512 454 1587 equitatu
474 1511 616 1588 proelium
637 1512 850 1570 commiserunt.
894 1509 970 1570 Cum
988 1529 1019 1570 se
1032 1510 1071 1568 illi
1085 1509 1167 1566 iden-

178 1610 268 1668 tidem
294 1610 325 1667 in
353 1610 437 1668 silvas
462 1609 499 1667 ad
524 1627 592 1667 suos
616 1609 775 1684 reciperent
799 1627 833 1668 ac
857 1627 954 1668 nusus
978 1627 1014 1668 ex
1041 1608 1112 1666 silva
1138 1607 1170 1665 in

138 1718 166 1770 15
180 1717 295 1767 nostros
314 1707 453 1784 impetum
467 1707 602 1780 facerent,
616 1726 710 1784 neque
729 1709 819 1766 nostri
837 1709 961 1784 longius,
977 1725 1063 1783 quam
1081 1723 1170 1782 quem

181 1806 324 1865 adfinem
342 1816 474 1884 porrecta
492 1806 558 1865 loca
577 1815 676 1883 aperta
693 1808 882 1883 pertinebant,
902 1805 1038 1864 cedentes
1056 1803 1170 1880 insequi

181 1903 327 1976 auderent,
346 1903 459 1962 interim
478 1903 607 1980 legiones
627 1923 685 1976 sex,
701 1923 775 1981 quae
794 1905 902 1980 primae
921 1911 1065 1972 venerant,
1081 1918 1170 1976 opere

182 2001 314 2061 dimenso
334 2010 427 2060 castra
446 2002 556 2059 munire
574 2013 740 2078 coeperunt.
781 2001 839 2058 Ubi
857 2002 951 2076 prima
964 1999 1172 2076 impedimenta

181 2099 271 2158 nostri
290 2099 431 2157 exercitus
451 2099 488 2156 ab
506 2099 548 2169 iis,
564 2100 613 2174 qui
632 2100 661 2156 in
679 2100 755 2157 silvis
769 2099 858 2157 abditi
872 2099 1006 2168 latebant,
1021 2096 1081 2153 visa
1096 2103 1171 2165 sunt,

140 2197 261 2274 eoquod
280 2206 395 2275 tempus
419 2197 493 2254 inter
517 2215 568 2254 eos
591 2198 789 2280 committendi
813 2197 915 2274 proelii
937 2202 1118 2264 convenerat,
1140 2201 1173 2250 ut

183 2297 257 2354 intra
277 2296 361 2354 silvas
382 2295 474 2354 aciem
495 2294 669 2370 ordinesque
690 2295 896 2354 constituerant
920 2302 1006 2369 atque
1030 2291 1085 2368 ipsi
1107 2308 1173 2350 sese

184 2385 430 2462 confirmaverant,
451 2392 544 2450 subito
566 2393 701 2451 omnibus
722 2393 813 2468 copiis
836 2391 1057 2468 provolavemnt
1081 2390 1174 2464 impe-

183 2501 302 2567 tumque
330 2492 360 2549 in
383 2500 499 2549 nostros
527 2491 636 2566 equites
660 2490 797 2548 fecerunt.
838 2489 894 2548 His
919 2488 1001 2547 facile
1025 2487 1114 2564 pulsis
1139 2503 1177 2544 ac

185 2589 357 2667 proturbatis
382 2588 541 2646 incredibili
570 2587 714 2646 celeritate
742 2587 779 2646 ad
803 2586 913 2644 flumen
941 2585 1176 2654 decucurrerunt,

144 2713 172 2761 25
184 2697 216 2745 ut
237 2705 329 2763 paene
346 2703 406 2744 uno
425 2696 556 2760 tempore
576 2694 604 2743 et
624 2685 661 2744 ad
682 2685 766 2742 silvas
785 2694 813 2742 et
832 2684 862 2741 in
882 2683 1000 2742 flumine
1020 2692 1048 2740 et
1067 2683 1124 2738 iam
1143 2682 1178 2738 in

185 2785 318 2843 manibus
338 2783 443 2841 nostris
461 2783 561 2841 hostes
581 2783 750 2840 viderentur.
794 2781 906 2839 Eadem
921 2791 1016 2838 autem
1031 2779 1180 2838 celeritate

186 2883 306 2942 adverso
333 2881 405 2940 colle
433 2881 471 2940 ad
498 2889 598 2938 nostra
624 2888 718 2938 castra
744 2888 831 2953 atque
859 2897 919 2950 eoa
946 2878 996 2953 qui
1027 2877 1057 2934 in
1086 2893 1179 2951 opere

186 2981 319 3058 occupati
352 2989 441 3050 erant,
478 2977 695 3037 contenderunt.
751 2983 804 3036 20.
830 2975 947 3034 Caesari
981 2974 1081 3034 omnia
1114 2990 1181 3030 uno

187 3090 316 3155 ternpore
340 3087 421 3136 erant
442 3076 571 3152 agenda:
599 3075 732 3132 vexillum
756 3073 990 3152 proponendum,
1011 3070 1092 3146 quod
1116 3080 1183 3128 erat

145 3206 176 3254 30
187 3179 299 3252 insigne
327 3195 395 3235 cum
424 3176 461 3234 ad
492 3191 572 3232 arma
606 3173 738 3232 concurri
770 3179 923 3248 oporteret,
956 3169 1072 3244 signum
1107 3168 1185 3226 tuba

189 3276 325 3346 dandum,
358 3274 395 3332 ab
425 3292 511 3349 opere
542 3271 696 3330 revocandi
726 3269 835 3342 milites,
860 3269 909 3345 qui
939 3266 1026 3343 paulo
1060 3264 1186 3340 longius

189 3374 302 3448 aggeris
329 3371 445 3448 petendi
472 3390 560 3430 causa
589 3379 800 3446 processerant,
828 3366 1000 3436 arcessendi,
1029 3365 1106 3422 acics
1133 3363 1187 3421 in-

191 3469 333 3540 struenda,
368 3469 469 3528 milites
503 3468 682 3540 cohortandi,
714 3467 830 3541 signum
864 3464 1001 3523 dandum.
1044 3461 1188 3534 Quarum
