2652 3928
149 163 150 167 '
185 191 246 260 194
584 186 620 234 Δ.
642 185 764 236 rrrnrrr
1103 195 1176 240 vnr.

183 353 282 412 gerere
297 346 412 414 posset;
434 335 486 395 sed
500 346 598 395 tamen
613 354 644 396 se
659 336 837 396 contentum
844 336 906 396 fore
919 355 954 396 ea
968 355 1073 414 poena,
1088 357 1177 416 quam

183 435 236 492 sibi
251 433 305 511 ipsi
320 435 539 493 contraxissent
575 440 625 494 28.
643 433 739 494 Nocte
753 435 917 512 insequenti
931 435 1019 511 legati
1033 453 1177 512 responsa

183 532 220 590 ad
235 550 304 591 suos
318 531 451 602 refemnt,
467 531 584 590 obsides
599 533 764 591 conficiunt.
801 531 985 592 Concurrunt
1004 533 1177 609 reliquamm

182 631 339 689 civitatium
353 630 448 706 legati,
463 647 539 704 quae
553 629 774 689 Bellovacorum
793 630 1016 707 speculabantur
1030 642 1174 690 eventum.

156 727 310 789 50bsides
339 726 417 798 dant,
443 727 594 802 'imperata
624 726 733 787 faciunt
760 737 884 804 excepto
913 727 1059 800 Commio,
1088 747 1177 806 quem

182 826 269 884 timor
288 825 459 901 prohibebat
478 825 648 902 cuiusquam
663 825 730 885 fidei
751 843 835 884 suam
852 827 1032 885 committere
1046 826 1176 885 salutem.

184 923 263 981 Nam
292 925 438 1000 superiore
466 941 545 982 anno
573 923 658 998 Titus
686 923 834 991 Labienus
869 923 993 982 Caesare
1020 923 1051 982 in
1083 923 1178 982 Gallia

183 1021 313 1079 citeriore
332 1022 376 1080 ius
398 1022 520 1091 dicente,
538 1039 606 1079 curn
627 1020 795 1080 Commium
816 1020 1006 1096 comperisset
1026 1020 1177 1080 sollicitare

184 1118 310 1177 civitates
335 1128 363 1176 et
383 1118 612 1180 coniurationem
625 1127 742 1194 contra
762 1117 919 1176 Caesarem
945 1117 1047 1190 facere,
1075 1118 1176 1176 inlide-

141 1238 172 1272 10
183 1216 291 1276 litatem
322 1216 383 1274 eius
408 1217 471 1274 sine
499 1215 704 1291 ullaz'perfidia
728 1215 865 1274 iudicavit
898 1215 1051 1291 comprimi
1079 1234 1176 1292 posse.

186 1313 283 1386 Quem
299 1315 366 1391 quia
384 1332 445 1372 non
459 1315 648 1372 arbitrabatur
661 1315 841 1372 vocatumtn
856 1324 951 1374 castra
963 1324 1122 1386 venturum,
1138 1335 1176 1374 ne

183 1413 353 1488 temptando
368 1413 526 1471 cautiorem
544 1412 659 1484 laceret,
675 1411 783 1470 Gaium
796 1410 980 1470 Volusenum
994 1410 1177 1482 Quadratum

183 1510 267 1581 misit,
290 1510 339 1587 qui
363 1528 431 1568 eum
451 1528 503 1585 per
523 1510 737 1568 simulationem
759 1509 895 1585 colloquii
915 1519 1026 1568 curaret
1044 1510 1177 1586 interfici·

184 1607 299 1665 endum.
340 1606 390 1666 Ad
406 1625 470 1666 eam
484 1625 546 1665 rem
560 1607 690 1666 delectos
705 1607 829 1666 idoneos
843 1607 870 1665 ei
884 1605 969 1664 tradit
983 1609 1175 1668 centuriones.

143 1715 170 1762 ¹5
185 1704 261 1763 Cum
278 1705 308 1762 in
323 1705 501 1780 colloquium
515 1713 633 1763 ventum
649 1714 726 1764 esset
745 1713 781 1775 et,
803 1714 835 1764 ut
852 1713 1036 1776 convenerat,
1056 1723 1177 1766 manum

186 1801 313 1860 Commii
332 1801 498 1862 Volusenus
515 1803 689 1878 arripuisset,
712 1791 841 1862 centurio
862 1802 907 1861 vel
927 1803 1040 1862 insueta
1060 1821 1091 1861 re
1112 1821 1177 1879 per-

184 1908 281 1958 motus
302 1899 346 1958 vel
368 1900 496 1958 celeriter
519 1918 537 1958 a
561 1899 746 1960 familiaribus
771 1899 932 1977 prohibitus
958 1899 1085 1959 Commii
1106 1919 1178 1959 con·

184 1996 270 2058 ficere
301 1997 452 2056 bominem
479 2016 541 2056 non
570 1999 682 2074 potuit3
718 2000 841 2074 graviter
868 2008 967 2057 tamen
994 1998 1089 2074 primo
1118 1998 1178 2057 ictu

184 2093 281 2168 gladio
315 2105 403 2170 caput
436 2097 586 2172 percussit.
644 2095 721 2182 Cum
753 2097 897 2172 utrimque
931 2095 1019 2171 gladii
1050 2096 1178 2155 destricti

142 2202 172 2238 ²0
184 2201 288 2261 essent,
303 2211 365 2251 non
386 2201 446 2250 tam
465 2192 623 2269 pugnandi,
638 2211 726 2269 quarn
741 2193 910 2268 diffugiendi
924 2193 976 2251 fuit
989 2202 1178 2269 utrorumque

185 2288 355 2348 consilium:
390 2300 564 2360 nostrorum,
590 2290 671 2366 quod
695 2289 843 2348 mortifero
868 2290 984 2349 vulnere
1008 2289 1177 2350 Commium

187 2387 344 2446 credebant
366 2387 509 2458 affectum,
529 2387 690 2458 Gadomm,
709 2388 790 2465 quod
808 2388 919 2447 insidiis
940 2389 1065 2464 cognitis
1086 2387 1177 2464 plura,

188 2501 276 2558 quam
297 2483 442 2556 videbant,
467 2485 701 2544 extimescebam.
745 2483 814 2556 Quo
835 2485 912 2544 facto
934 2486 1066 2544 statuisse
1087 2484 1176 2544 Corn-

184 2579 259 2647 mius
281 2580 427 2641 dicebatur
441 2600 600 2658 numquam
614 2582 847 2659 inconspectum
863 2583 1033 2659 cuiusquam
1047 2581 1176 2642 Romani

142 2687 171 2737 ²5
184 2678 287 2738 venire.

224 2790 276 2842 24.
297 2783 527 2846 Bellicosissimis
548 2787 684 2862 gentibus
709 2786 825 2862 devictis
847 2785 955 2845 Caesar
976 2803 1043 2845 cum
1066 2786 1179 2845 videret

183 2881 291 2939 nullam
318 2882 376 2940 iarn
401 2901 465 2942 esse
490 2884 642 2956 civitatem,
664 2901 738 2961 quae
763 2882 870 2942 bellum
895 2893 1014 2959 pararet,
1035 2900 1095 2961 quo
1120 2883 1175 2941 sibi

182 2979 332 3052 resisteret,
362 2981 414 3038 sed
441 2982 597 3040 nonnullos
624 2999 660 3040 ex
688 2980 803 3058 oppidis
835 2979 1005 3056 demigrare,
1033 2999 1070 3040 ex
1097 2981 1179 3057 agris

183 3075 322 3152 diffugere
342 3076 379 3134 ad
398 3096 536 3153 praesens
554 3079 707 3155 imperium
724 3079 898 3148 evitandum,
913 3077 1009 3153 plures
1027 3078 1058 3136 in
1078 3089 1174 3154 partes

30 3169 34 3177 '
141 3174 341 3240 mexercitum
365 3174 508 3234 dimittere
534 3176 688 3234 constituit.
731 3175 773 3236 M.
800 3174 963 3235 Antonium
990 3185 1173 3252 quaestorem

141 3313 142 3317 ,
183 3288 250 3328 cum
264 3270 378 3347 legione
394 3272 567 3330 duodecima
585 3273 638 3330 sibi
652 3272 811 3348 coniungit.
854 3271 888 3332 C.
904 3272 1026 3331 Fabium
1045 3272 1173 3348 legatum

183 3384 250 3423 cum
265 3366 431 3426 cohortibus
450 3385 511 3426 xxv
529 3369 614 3426 mittit
634 3370 664 3426 in
684 3369 905 3428 diversissimam
924 3379 1035 3445 partem
1050 3368 1171 3441 Galliae,

182 3461 262 3536 quod
289 3463 329 3519 ibi
357 3464 497 3537 quasdam
519 3465 646 3524 civitates
667 3466 697 3524 in
718 3467 805 3525 armis
826 3484 891 3526 esse
913 3467 1054 3538 audiebat,
1076 3485 1172 3543 neque

182 3553 215 3614 C.
236 3556 391 3619 Caninium
410 3558 545 3620 Rebilum
565 3561 699 3638 legatum,
718 3565 767 3641 qui
788 3565 817 3622 in
838 3564 892 3623 illis
911 3565 1082 3640 regionibus
1102 3573 1171 3636 erat,
