2634 3914
193 175 254 224 110
518 175 547 224 0.
570 175 662 222 wall
685 174 857 223 CAESARIS
1144 175 1176 225 V.

189 338 265 396 quae
293 329 337 380 est
364 321 461 381 civitas
488 323 629 399 imprimis
657 325 739 383 firma
766 334 796 384 et
821 343 949 400 magnae
980 323 1053 382 inter
1081 321 1182 382 Gallos

190 417 374 487 auctoritatis,
395 419 576 491 Cavarinum,
595 439 683 498 quem
700 421 808 482 Caesar
825 423 904 498 apud
924 441 982 481 eos
995 439 1094 497 regem
1112 440 1182 479 con-

191 517 326 588 stituerat,
341 517 422 576 cuius
436 517 522 576 frater
536 517 713 594 Moritasgus
728 519 853 578 adventu
867 519 897 578 in
912 518 1035 578 Galliam
1050 517 1182 577 Caesaris

191 615 329 691 cuiusque
356 616 480 676 maiores
508 635 633 693 regnum·
658 618 850 690 obtinuerant,
878 618 1038 676 interficere
1065 617 1181 694 publico

162 714 312 777 5consilio
333 715 439 784 conati,
461 733 528 772 cum
549 715 596 773 ille
612 716 820 791 praesensisset
836 735 871 775 ac
889 716 1072 793 profugisset,
1090 733 1182 790 usque

190 811 322 870 adfines
346 812 467 870 insecuti
488 830 580 888 regno
602 813 750 890 domoque
774 813 945 890 expulerunt
965 824 1001 884 et,
1024 813 1120 872 missis
1144 813 1182 870 ad

191 907 348 967 Caesarem
368 909 560 969 satisfaciendi
581 928 668 968 causa
688 909 798 986 legatis,
821 929 888 970 cum
908 911 932 969 is
954 928 1073 970 omnem
1091 910 1129 968 ad
1151 928 1181 968 se

191 1017 322 1065 senatum
357 1008 453 1066 venire
487 1008 625 1077 iussisset,
662 1008 740 1067 dicto
776 1009 926 1067 audientes
961 1026 1023 1067 non
1058 1008 1180 1066 fuerunt.

191 1107 320 1164 Tantum
340 1108 418 1182 apud
438 1107 573 1165 homines
591 1108 730 1164 barbaros
751 1107 845 1178 valuit,
867 1125 932 1165 esse
953 1107 1065 1182 aliquos
1086 1125 1182 1182 reper-

147 1216 178 1252 ¹0
191 1213 236 1262 tos
268 1205 411 1282 principes
438 1204 578 1262 inferendi
606 1204 681 1274 belli,
708 1213 876 1281 tantamque
904 1205 1041 1262 omnibus
1069 1205 1182 1267 ,volunt-

190 1312 269 1378 atum
290 1303 547 1362 commutationem
570 1302 669 1372 attulit,
688 1310 720 1359 ut
740 1310 853 1376 praeter
871 1301 993 1360 Aeduos
1013 1311 1042 1359 et
1061 1301 1181 1373 Remos,

190 1419 263 1477 quos
286 1401 441 1477 praecipuo
464 1417 580 1476 semper
601 1398 712 1458 honore
738 1398 846 1458 Caesar
870 1400 982 1470 habuit,
998 1399 1103 1458 alteros
1127 1418 1180 1475 pro

190 1508 284 1556 vetere
311 1516 345 1556 ac
370 1506 510 1573 perpetua
534 1514 604 1572 erga
628 1496 769 1572 populum
794 1496 963 1554 Romanum
988 1497 1052 1569 fide,
1078 1498 1182 1555 alteros

191 1613 244 1671 pro
265 1596 427 1654 recentibus
452 1590 555 1653 Gallici
575 1594 641 1652 belli
662 1594 772 1666 officiis,
793 1595 870 1653 nulla
894 1595 955 1654 fere
976 1594 1073 1654 civitas
1098 1595 1182 1653 luerit

148 1706 177 1754 15
191 1711 252 1760 non
279 1701 413 1768 suspecta
436 1691 530 1750 nobis.
572 1691 666 1767 quue
693 1692 768 1750 adeo
790 1692 868 1750 haud
895 1693 959 1752 scio
980 1693 1181 1752 mirandumne

192 1791 236 1861 sit,
258 1807 324 1849 curn
342 1789 537 1865 compluribus
557 1789 619 1848 aliis
640 1789 677 1846 de
698 1790 801 1860 causis,
819 1799 882 1847 tum
897 1791 1030 1863 maxime,
1048 1791 1131 1866 quod·
1144 1791 1180 1860 ei,

192 1889 242 1965 qui
264 1888 365 1946 virtute
389 1888 456 1946 belli
479 1888 614 1946 omnibus
642 1888 777 1962 gentibus
805 1887 1048 1964 praeferebantur,
1068 1899 1181 1947 tantum

192 2003 223 2044 se
248 1985 309 2044 eius
333 1983 479 2061 opinionis
504 1984 708 2060 deperdidisse,
733 1994 765 2042 ut
788 2003 806 2043 a
830 1985 944 2060 populo
966 1985 1106 2044 Romano.
1127 1988 1183 2043 im·

191 2083 271 2160 peria
297 2083 462 2160 perferrent,
490 2083 658 2159 gravissime
688 2083 833 2140 dolebant.
887 2089 940 2140 55.
963 2082 1084 2142 Treveri
1111 2101 1181 2141 vero

148 2195 179 2231 20
192 2191 277 2258 atque
305 2181 521 2239 Indutiomarus
552 2181 641 2238 totius
673 2179 776 2238 hiemis
808 2180 918 2237 nullum
948 2190 1063 2256 tempus
1094 2181 1182 2238 inter-

192 2280 338 2349 miserunt,
367 2279 438 2354 quin
464 2287 545 2336 trans
570 2277 708 2334 Rhenum
735 2277 846 2353 legatos
874 2277 1026 2347 mitterent,
1054 2278 1181 2336 civitates

192 2375 386 2445 sollicitarent,
408 2375 547 2450 pecunias
571 2375 784 2450 pollicerentur,
805 2393 912 2451 magna
933 2384 1014 2451 parte
1039 2377 1182 2434 exercitus

193 2473 284 2530 nostri
303 2471 451 2530 interfecta
471 2472 562 2530 multo
579 2473 722 2530 minorem
744 2490 893 2547 superesse
914 2473 1040 2531 dicerent
1060 2484 1181 2549 partem.

194 2569 298 2646 Neque
322 2579 419 2628 tamen
441 2569 490 2627 ulli
514 2569 617 2628 civitati
645 2568 859 2628 Germanorum
886 2571 1052 2654 persuaded
1079 2575 1182 2647 potuit,

147 2683 176 2734 ²5
194 2677 224 2725 ut
244 2667 382 2726 Rhenum
402 2667 540 2738 transiret,
562 2686 629 2726 cum
657 2685 688 2726 se
709 2667 753 2726 bis
777 2677 912 2743 expertos
940 2668 1075 2740 dicerent,
1096 2671 1183 2729 Ario·

191 2767 254 2824 visti
286 2766 362 2825 bello
394 2775 423 2823 et
450 2765 662 2824 Tencterorum
695 2765 834 2824 transitu:
868 2783 930 2824 non
962 2784 1026 2825 esse
1058 2769 1182 2844 amplius

189 2866 336 2924 fortunam
373 2873 573 2941 temptaturos.
624 2863 691 2922 Hac
730 2882 781 2940 spe
823 2864 922 2940 lapsus
964 2864 1182 2925 Indutiomarus

190 2965 278 3024 nihilo
306 2965 403 3022 minus
435 2963 536 3039 copias
569 2980 684 3038 cogere,
713 2981 854 3032 exercere,
883 2982 903 3021 a
929 2963 1056 3021 finitimis
1087 2983 1182 3040 equos

190 3081 299 3141 parare,
327 3061 425 3121 exules
453 3061 665 3134 damnatosque
692 3069 753 3118 tota
781 3059 876 3118 Gallia
903 3061 1017 3135 magnis
1045 3063 1182 3138 praemiis

145 3175 177 3224 30
190 3163 228 3220 ad
252 3180 283 3220 se
308 3161 420 3219 allicere
445 3159 549 3234 coepit
591 3158 637 3216 Ac
664 3167 773 3216 tantam
801 3159 855 3217 sibi
881 3158 1011 3218 iambis
1035 3160 1121 3218 rebus
1149 3162 1182 3218 in

191 3259 285 3318 Gallia
305 3257 502 3317 auctoritatem
523 3266 748 3332 comparaverat,
769 3266 801 3314 ut
821 3257 948 3332 undique
971 3256 1012 3314 ad
1029 3275 1096 3315 eum
1119 3258 1182 3333 leg-

191 3358 301 3415 ationes
344 3363 555 3425 concurrerent,
591 3354 713 3428 gratiam
747 3363 834 3430 atque
870 3354 1025 3413 amicitiam
1063 3356 1181 3432 publice

188 3454 380 3530 privatimque
399 3460 537 3528 peterent.
580 3456 632 3508 56.
654 3449 712 3508 Ubi
732 3450 869 3509 intellexit
882 3451 956 3510 ultro
976 3451 1014 3510 ad
1033 3471 1065 3511 se
1079 3454 1181 3521 veniri,
