2634 3914
150 225 287 316 27231,
364 242 410 290 aa
431 233 541 289 narro
565 241 712 290 carasco
735 237 845 290 coum.
872 243 917 292 vr.
1078 217 1139 310 1'27'

147 393 340 452 tabulatorum
372 399 507 467 quattuor
538 391 686 450 constituit
717 392 948 468 praesidiumque
977 389 1138 449 cohortium

149 491 302 549 duodecim
321 489 419 566 pontis
438 489 538 547 tuendi
556 508 645 547 causa
664 491 746 566 ponit
765 490 936 566 magnisque
956 507 1022 546 eum
1041 489 1139 546 locum

147 589 356 647 munitionibus
380 588 482 646 firmat.
523 588 559 646 Ei
582 587 649 646 loco
675 589 876 665 praesidioque
901 587 1007 646 Gaium
1031 587 1141 668 Volca-

148 689 221 745 tium
236 687 355 745 Tullum
370 686 586 744 adulescentem
598 687 743 763 praefecit.
785 686 863 764 Ipse,
873 705 940 744 cum
948 696 1140 744 maturescere

121 815 126 823 ,
149 785 292 844 frumenta
318 785 485 860 inciperent,
513 784 551 842 ad
577 785 685 842 bellurn
713 784 888 860 Ambiorigis
916 785 1060 861 profectus
1088 802 1140 859 per
1152 804 1167 853 5

148 883 337 941 Arduennam
363 882 470 951 silvam,
492 900 566 958 quae
591 892 635 940 est
658 885 745 940 totius
770 881 880 941 Galliae
903 882 1030 940 maxima
1053 890 1139 957 atque

149 981 275 1056 abripis
297 979 393 1038 Rheni
414 979 578 1055 finibusque
599 979 792 1038 Treverorum
814 981 852 1038 ad
872 979 995 1038 Nervios
1016 980 1139 1056 pertinet

148 1077 320 1152 milibusque
348 1076 470 1152 amplius
498 1077 663 1152 quingentis
693 1078 724 1134 in
751 1077 961 1152 longitudinem
989 1087 1075 1154 patet,
1104 1075 1137 1134 L.

149 1173 311 1233 Minucium
334 1173 464 1232 Basilum
488 1193 555 1232 cum
580 1176 660 1233 omni
685 1176 811 1251 equitatu
836 1176 999 1251 praemittit,
1022 1175 1045 1233 si
1069 1175 1139 1250 quid

150 1272 290 1330 celeritate
325 1271 432 1330 itineris
466 1283 552 1350 atque
583 1274 797 1348 opportunitate
827 1273 966 1348 temporis
1000 1273 1139 1349 prolicere
1154 1291 1184 1325 10

149 1379 257 1445 posset,
281 1380 389 1440 monet,
414 1379 446 1428 ut
469 1371 552 1446 ignes
576 1372 607 1428 in
631 1372 730 1430 castris
754 1371 814 1429 fieri
839 1371 998 1446 prohibeat,
1019 1390 1056 1430 ne
1080 1390 1140 1448 qua

150 1468 211 1526 eius
226 1461 375 1526 'adventus
399 1469 500 1544 procul
522 1469 693 1545 significatio
714 1469 781 1527 fiat:
810 1487 873 1527 sese
894 1469 1047 1527 confestim
1071 1469 1138 1527 sub-

150 1565 233 1640 sequi
248 1565 323 1624 dicit.
365 1565 488 1638 Basilus,
505 1577 537 1624 ut
553 1569 726 1642 imperatum
743 1577 795 1636 est,
810 1567 885 1625 facit.
927 1572 979 1625 30.
1003 1566 1140 1625 Celeriter

150 1672 308 1738 contraque
335 1664 466 1722 omnium
494 1666 664 1742 opinionem
692 1665 824 1724 confecto
852 1665 952 1722 itinere
975 1664 1081 1723 multos
1108 1666 1138 1722 in

150 1759 225 1836 agris
257 1761 438 1837 inopinantes
470 1763 676 1838 deprehendit:
711 1780 812 1820 eorum
842 1761 949 1819 indicio
977 1761 1014 1819 ad
1044 1763 1138 1838 ipsum
1154 1777 1182 1826 15

150 1859 351 1934 Ambiorigem
372 1860 529 1931 contendit,
554 1879 612 1936 quo
636 1861 666 1918 in
690 1860 756 1918 loco
781 1877 847 1916 cum
872 1859 972 1934 paucis
996 1861 1138 1935 equitibus

150 1973 214 2014 esse
242 1956 395 2014 dicebatur.
437 1956 563 2015 Multum
588 1976 654 2014 cum
682 1957 711 2013 in
739 1956 875 2014 omnibus
902 1957 996 2026 rebus,
1020 1966 1082 2013 tum
1109 1957 1139 2013 in

149 2071 181 2111 re
201 2053 313 2112 militari
334 2063 429 2130 potest
449 2053 571 2112 fortuna.
614 2054 692 2112 Nam
714 2054 786 2111 sicut
807 2070 915 2128 magno
936 2053 1039 2110 accidit
1060 2070 1137 2123 casu,

149 2159 182 2208 ut
208 2150 238 2208 in
265 2151 361 2227 ipsum
388 2152 538 2211 incautum
565 2153 651 2210 etiam
680 2161 764 2226 atque
792 2149 965 2225 imparatum
992 2150 1138 2223 incideret,

149 2247 286 2324 priusque
310 2251 371 2309 eius
396 2251 534 2308 adventus
559 2251 596 2308 ab
620 2249 756 2307 omnibus
779 2247 929 2319 videretur,
951 2265 1038 2322 quam
1062 2248 1139 2307 fama
1153 2265 1184 2299 ²0

150 2363 186 2402 ac
204 2345 320 2406 nuntius
339 2348 493 2419 afferretur,
508 2348 549 2406 sic
568 2365 692 2422 magnae
711 2345 762 2403 fuit
776 2343 909 2403 fortunae
928 2345 1008 2402 omni
1026 2347 1139 2405 militari

150 2443 348 2516 instrumento,
366 2446 446 2522 quod
464 2446 573 2503 circum
590 2463 622 2502 se
638 2443 771 2512 habebat,
786 2449 893 2517 erept0,
908 2441 983 2499 redis
1000 2445 1139 2520 equisque

150 2543 367 2618 comprehensis
397 2544 494 2619 ipsum
519 2543 646 2617 effugere
674 2549 806 2598 mortem.
849 2539 907 2597 Sed
938 2539 995 2599 hoc
1022 2559 1139 2618 quoque

150 2637 258 2696 facturn
286 2650 338 2711 est,
363 2641 443 2717 quod
470 2640 602 2698 aedificio
626 2638 803 2696 circumdato
832 2639 909 2710 silva,
933 2649 965 2696 ut
990 2651 1057 2698 sunt
1080 2641 1139 2698 fere

150 2735 295 2795 domicilia
326 2738 484 2810 Gallorum,
513 2738 561 2816 qui
591 2737 698 2796 vitandi
729 2746 825 2794 aestus
854 2755 940 2795 causa
969 2738 1138 2815 plerumque
1154 2753 1181 2802 25

150 2834 284 2891 silvarum
315 2847 401 2912 atque
432 2837 583 2895 fluminum
617 2844 719 2912 petunt
749 2835 985 2912 propinquitates,
1018 2839 1138 2894 comites

150 2932 361 3008 familiaresque
385 2934 446 2993 eius
470 2946 595 3012 angusto
618 2936 648 2993 in
668 2935 734 2993 loco
755 2934 900 3010 paulisper
921 2933 1048 3007 equitum
1070 2951 1139 2990 nos-

150 3039 260 3087 trorum
276 3033 334 3088 vim
352 3033 552 3092 sustinuerunt.
593 3033 650 3091 His
669 3031 864 3108 pugnantibus
882 3029 961 3086 illurn
980 3029 1010 3086 in
1031 3047 1138 3104 equum

150 3127 269 3204 quidam
291 3148 327 3187 ex
352 3131 410 3188 suis
434 3131 543 3188 intulit:
571 3131 728 3205 fugientem
749 3128 835 3186 silvae
855 3135 995 3183 texerunt.
1038 3126 1085 3185 Sic
1110 3138 1139 3185 et

150 3224 189 3283 ad
209 3227 391 3285 subeundum
416 3228 575 3303 periculum
598 3237 627 3283 et
651 3227 689 3284 ad
711 3224 859 3282 vitandum
879 3223 1002 3282 multum
1023 3223 1138 3284 fortuna
1150 3248 1183 3295 30

149 3323 245 3381 valuit.
286 3331 331 3382 31.
353 3325 504 3381 Ambiorix
519 3323 617 3398 copias
636 3341 702 3381 suas
720 3321 864 3380 iudicione
881 3339 942 3379 non
960 3322 1136 3394 conduxerit,

77 3399 79 3407 '
148 3419 232 3493 quod
266 3420 373 3494 proelio
409 3419 605 3478 dimicandum
636 3438 697 3477 non
730 3417 906 3488 existimarit,
938 3435 976 3475 an
1006 3428 1136 3496 tempore

148 3515 285 3574 exclusus
316 3525 344 3575 et
374 3519 526 3594 repentino
559 3517 686 3594 equitum
717 3516 841 3575 adventu
872 3515 1041 3594 prohibitus,
1069 3536 1137 3582 cum
