2634 3914
137 189 232 276 8-9.
352 207 398 254 ns
420 187 530 254 suiro
553 188 701 255 onsrreo
725 189 834 258 corin.
860 209 905 258 vr.
1061 205 1126 276 ¹117

137 353 318 411 simulatione
337 354 445 412 itineris
466 355 578 430 placide
602 355 846 431 progrediebatur.
889 355 968 414 Tum
989 357 1127 431 praemis*

135 451 176 509 sis
190 452 308 525 paulurn
322 451 536 527 impedimentis
555 462 641 528 atque
656 453 686 510 in
703 455 813 512 tumulo
828 455 957 529 quodam
972 454 1126 523 collocatis,

135 545 295 620 ‘Habetis'
317 550 416 626 inquit,
440 551 570 620 ‘milites
590 569 678 627 quam
699 552 817 627 petistis,
839 552 1019 610 facultatem:
1048 545 1127 610 host-

135 665 183 704 em
207 647 348 722 impedito
370 657 456 724 atque
476 649 576 725 iniquo
600 648 666 706 loco
690 649 809 707 tenetist
837 659 981 724 praestate
1002 649 1126 708 eandem

133 745 221 802 nobis
240 745 362 803 ducibus
381 746 520 816 virtutem,
537 764 624 823 quam
638 765 848 822 saepenumero
867 747 1031 823 imperatori
1045 755 1153 823 prae-5

133 842 251 914 stitistiS,
263 853 349 920 atque
363 844 443 901 illum
457 845 558 902 adesse
573 855 601 903 et
614 845 686 902 haec
702 862 801 902 coram
816 861 933 902 cernere
947 844 1125 902 existimate.'

134 940 227 998 Simul
251 941 333 1016 signa
357 943 394 1000 ad
419 941 533 1000 hostem
558 943 686 1001 converti
708 942 857 1017 aciemque
885 941 968 1016 dirigi
995 942 1074 999 iubet
1098 949 1126 998 et

133 1041 234 1115 paucis
259 1041 359 1099 turmis
381 1042 524 1118 praesidio
550 1042 587 1099 ad
615 1041 822 1117 impedimenta
850 1041 976 1099 dimissis
1000 1041 1126 1116 reliquos

133 1138 245 1212 equites
264 1138 301 1197 ad
320 1139 407 1197 latera
427 1139 561 1215 disponit.
604 1138 740 1199 Celeriter
758 1139 850 1196 nostri
868 1139 994 1196 clamore
1012 1139 1125 1197 sublato

132 1236 191 1312 pila
208 1237 239 1294 in
257 1237 355 1297 hostes
375 1239 538 1297 immittunt.
580 1237 633 1308 Illi,
648 1239 697 1296 ubi
711 1248 824 1314 praeter
842 1255 924 1313 spem
939 1254 1013 1314 quos
1026 1236 1125 1312 fugere
1140 1255 1170 1292 ιο

132 1335 287 1393 credebant
306 1335 418 1395 infestis
437 1338 526 1412 signis
546 1333 691 1396 adscire
711 1337 851 1406 viderunt,
872 1337 1014 1410 impetum
1034 1335 1124 1393 modo

131 1431 204 1490 ferre
226 1451 286 1491 non
302 1446 463 1510 potuerunt
484 1453 518 1494 ac
542 1436 637 1512 primo
662 1452 806 1493 concursu
825 1433 856 1491 in
877 1433 977 1508 fugam
1002 1433 1124 1492 coniecti

131 1529 278 1604 proximas
306 1531 390 1591 silvas
416 1530 567 1608 petierunt.
609 1533 694 1605 Quos
724 1531 870 1590 Labienus
897 1531 1024 1607 equitatu
1055 1548 1124 1588 con·

131 1637 255 1685 sectatus
269 1647 378 1704 magno
393 1646 514 1690 numero
534 1631 691 1701 interfecto,
707 1629 903 1707 compluribus
917 1629 1010 1704 captis
1023 1629 1123 1704 paucis

130 1734 198 1799 post
219 1725 321 1785 diebus
344 1727 487 1786 civitatem
510 1731 625 1805 recepit.
668 1729 746 1788 Nam
775 1727 923 1798 Germani,
945 1727 994 1803 qui
1017 1727 1122 1785 auxilio
1138 1743 1166 1793 15

129 1822 292 1893 veniebant,
317 1835 454 1901 percepta
478 1823 671 1885 Treverorum
696 1827 765 1903 fuga
789 1845 853 1885 sese
879 1825 998 1883 domum
1023 1843 1122 1899 recep·

130 1930 221 1977 erunt.
277 1919 353 1981 Cum
387 1923 432 1982 his
466 1925 622 2001 propinqui
649 1924 847 1993 Indutiomari,
876 1923 926 1998 qui
954 1921 1122 1980 defectionis

129 2027 262 2077 auctores
284 2019 404 2092 fuerant,
420 2023 547 2080 comitati
565 2015 619 2080 'eos
638 2041 675 2080 ex
692 2023 803 2081 civitate
818 2030 1010 2079 excesserunt.
1053 2019 1121 2078 Cin·

129 2113 261 2190 getorigi,
286 2134 373 2192 quem
398 2117 435 2176 ab
460 2117 539 2176 initio
560 2119 753 2194 permansisse
775 2119 805 2176 in
826 2117 922 2177 officio
943 2118 1121 2177 demonstra-

129 2211 231 2282 vimus,
246 2213 423 2289 principatus
438 2225 524 2290 atque
538 2215 692 2292 imperium
706 2227 750 2274 est
763 2216 906 2274 traditum.
1136 2248 1167 2282 20

172 2317 201 2369 9.
225 2310 339 2382 Caesar,
368 2321 523 2388 postquam
556 2331 591 2371 ex
625 2311 769 2390 Menapiis
797 2314 827 2372 in
858 2312 1002 2371 Treveros
1035 2313 1122 2383 venit,¹

130 2409 244 2466 duabus
266 2409 302 2468 de
324 2410 418 2467 causis
440 2409 576 2469 Rhenum
597 2412 715 2470 transire
737 2411 900 2483 constituit;
922 2428 1043 2487 quarum
1064 2429 1122 2469 una

129 2518 199 2578 erat,
224 2509 304 2584 quod
328 2509 433 2566 auxilia
456 2519 560 2568 contra
584 2527 616 2568 se
639 2510 772 2569 Treveris
793 2511 938 2580 miserant,
963 2509 1059 2580 altera,
1084 2527 1122 2567 ne

129 2607 167 2664 ad
186 2623 238 2663 eos
258 2605 409 2663 Ambiorix
430 2615 576 2680 receptum
600 2606 726 2665 haberet.
768 2607 825 2666 His
848 2607 1010 2666 constitutis
1034 2608 1122 2664 rebus

129 2704 248 2780 paulum
270 2721 356 2778 supra
376 2722 443 2761 eum
465 2703 570 2774 locum,
593 2722 651 2780 quo
675 2715 741 2764 ante
766 2703 924 2762 exercitum
951 2703 1121 2773 traduxerat,
1137 2733 1166 2784 25

128 2802 223 2860 facere
237 2810 358 2876 pontem
378 2801 504 2859 instituit.
547 2800 626 2859 Nota
640 2811 727 2878 atque
746 2803 877 2861 instituta
890 2801 1000 2859 ratione
1014 2818 1122 2875 magno

128 2899 254 2956 militum
264 2897 357 2955 studio
369 2897 469 2972 paucis
482 2898 583 2957 diebus
592 2916 667 2976 opus
677 2900 806 2958 efficitur.
840 2899 939 2958 Firmo
950 2899 981 2955 in
990 2896 1123 2955 Treveris

129 2996 168 3055 ad
192 3005 313 3071 pontem
336 2996 480 3071 praesidio
503 2996 610 3067 relicto,
632 3015 670 3054 ne
695 2998 759 3073 quis
784 2999 821 3055 ab
845 2995 889 3055 his
911 2995 1006 3054 subito
1026 3005 1123 3053 motus

129 3102 265 3162 oreretur,
287 3092 410 3169 reliquas
431 3093 531 3168 copias
555 3094 771 3170 equitatumque
800 3094 930 3152 traducit.
971 3091 1048 3163 Ubii,
1074 3093 1123 3167 qui

129 3201 197 3249 ante
218 3189 335 3248 obsides
357 3189 496 3248 dederant
517 3201 603 3266 atque
624 3191 654 3248 in
676 3191 853 3250 deditionem
874 3200 1020 3260 venerant,
1035 3207 1122 3266 purg·
1137 3222 1168 3269 30

129 3287 199 3346 andi
221 3287 265 3344 sui
284 3305 371 3344 causa
391 3287 428 3344 ad
450 3305 517 3344 eum
537 3288 649 3362 legatos
670 3290 794 3358 mittunt,
811 3291 860 3364 qui
882 3289 1007 3346 doceant
1028 3296 1122 3363 neq'ue

128 3385 236 3445 auxilia
249 3403 285 3442 ex
304 3403 356 3442 sua
374 3385 485 3444 civitate
504 3386 533 3442 in
553 3385 696 3445 Treveros
716 3388 804 3444 missa
822 3405 916 3461 neque
936 3385 973 3442 ab
991 3403 1022 3442 se
1037 3385 1124 3444 fidem

128 3485 254 3543 laesam:
282 3491 383 3558 petunt
411 3491 496 3558 atque
524 3491 614 3554 orant,
640 3492 672 3540 ut
699 3484 754 3542 sibi
780 3495 888 3561 parcat,
911 3501 948 3542 ne
976 3487 1125 3546 communi
