<?xml version="1.0" encoding="UTF-8"?>
<!DOCTYPE html PUBLIC "-//W3C//DTD XHTML 1.0 Transitional//EN"
    "http://www.w3.org/TR/xhtml1/DTD/xhtml1-transitional.dtd">
<html xmlns="http://www.w3.org/1999/xhtml" xml:lang="en" lang="en">
 <head>
  <title>
</title>
<meta http-equiv="Content-Type" content="text/html;charset=utf-8" />
  <meta name='ocr-system' content='tesseract 3.04.00' />
  <meta name='ocr-capabilities' content='ocr_page ocr_carea ocr_par ocr_line ocrx_word'/>
</head>
<body>
  <div class='ocr_page' id='page_1' title='image "./commentariescju01caesgoog_0126.png"; bbox 0 0 2634 3914; ppageno 0'>
   <div class='ocr_carea' id='block_1_1' title="bbox 131 215 1118 286">
    <p class='ocr_par' dir='ltr' id='par_1_1' title="bbox 131 215 1118 286">
     <span class='ocr_line' id='line_1_1' title="bbox 131 215 1118 286; baseline 0.002 -23"><span class='ocrx_word' id='word_1_1' title='bbox 131 217 269 286; x_wconf 84' lang='lat'>13-17.</span> <span class='ocrx_word' id='word_1_2' title='bbox 373 215 419 264; x_wconf 85' lang='lat' dir='ltr'>DE</span> <span class='ocrx_word' id='word_1_3' title='bbox 441 216 549 264; x_wconf 85' lang='lat' dir='ltr'><em>BELLO</em></span> <span class='ocrx_word' id='word_1_4' title='bbox 572 215 722 265; x_wconf 79' lang='lat' dir='ltr'><strong><em>GALLICO</em></strong></span> <span class='ocrx_word' id='word_1_5' title='bbox 745 216 855 265; x_wconf 82' lang='lat' dir='ltr'><strong><em>GOMM.</em></strong></span> <span class='ocrx_word' id='word_1_6' title='bbox 882 217 913 268; x_wconf 80' lang='lat' dir='ltr'>V.</span> <span class='ocrx_word' id='word_1_7' title='bbox 1079 221 1118 286; x_wconf 87' lang='lat'>91</span> 
     </span>
    </p>
   </div>
   <div class='ocr_carea' id='block_1_2' title="bbox 128 363 1170 3673">
    <p class='ocr_par' dir='ltr' id='par_1_2' title="bbox 128 363 1123 714">
     <span class='ocr_line' id='line_1_2' title="bbox 129 363 1123 440; baseline -0.003 -18"><span class='ocrx_word' id='word_1_8' title='bbox 129 363 316 440; x_wconf 88' lang='lat' dir='ltr'>duodenique</span> <span class='ocrx_word' id='word_1_9' title='bbox 347 365 420 422; x_wconf 90' lang='lat' dir='ltr'>inter</span> <span class='ocrx_word' id='word_1_10' title='bbox 450 382 482 422; x_wconf 92' lang='lat' dir='ltr'>se</span> <span class='ocrx_word' id='word_1_11' title='bbox 510 382 682 424; x_wconf 90' lang='lat' dir='ltr'>communes</span> <span class='ocrx_word' id='word_1_12' title='bbox 710 375 739 425; x_wconf 92' lang='lat' dir='ltr'>et</span> <span class='ocrx_word' id='word_1_13' title='bbox 769 366 896 423; x_wconf 84' lang='lat' dir='ltr'><strong>maxime</strong></span> <span class='ocrx_word' id='word_1_14' title='bbox 924 364 1026 422; x_wconf 86' lang='lat' dir='ltr'>iratres</span> <span class='ocrx_word' id='word_1_15' title='bbox 1055 381 1123 421; x_wconf 91' lang='lat' dir='ltr'>cum</span> 
     </span>
     <span class='ocr_line' id='line_1_3' title="bbox 128 460 1122 541; baseline 0 -23"><span class='ocrx_word' id='word_1_16' title='bbox 128 460 262 519; x_wconf 85' lang='lat' dir='ltr'>fratribus</span> <span class='ocrx_word' id='word_1_17' title='bbox 282 472 473 537; x_wconf 91' lang='lat' dir='ltr'>parentesque</span> <span class='ocrx_word' id='word_1_18' title='bbox 494 481 561 520; x_wconf 91' lang='lat' dir='ltr'>cum</span> <span class='ocrx_word' id='word_1_19' title='bbox 583 463 695 536; x_wconf 90' lang='lat' dir='ltr'>liberis;</span> <span class='ocrx_word' id='word_1_20' title='bbox 727 465 779 522; x_wconf 91' lang='lat' dir='ltr'>sed</span> <span class='ocrx_word' id='word_1_21' title='bbox 800 465 824 522; x_wconf 92' lang='lat' dir='ltr'>si</span> <span class='ocrx_word' id='word_1_22' title='bbox 849 464 899 541; x_wconf 93' lang='lat' dir='ltr'>qui</span> <span class='ocrx_word' id='word_1_23' title='bbox 924 471 991 521; x_wconf 91' lang='lat' dir='ltr'>sunt</span> <span class='ocrx_word' id='word_1_24' title='bbox 1016 479 1053 520; x_wconf 88' lang='lat' dir='ltr'>ex</span> <span class='ocrx_word' id='word_1_25' title='bbox 1078 460 1122 518; x_wconf 93' lang='lat' dir='ltr'>his</span> 
     </span>
     <span class='ocr_line' id='line_1_4' title="bbox 128 559 1123 638; baseline 0 -22"><span class='ocrx_word' id='word_1_26' title='bbox 128 559 199 630; x_wconf 90' lang='lat' dir='ltr'>nati,</span> <span class='ocrx_word' id='word_1_27' title='bbox 227 576 329 616; x_wconf 88' lang='lat' dir='ltr'>eorum</span> <span class='ocrx_word' id='word_1_28' title='bbox 356 559 498 617; x_wconf 91' lang='lat' dir='ltr'>habentur</span> <span class='ocrx_word' id='word_1_29' title='bbox 525 559 613 631; x_wconf 91' lang='lat' dir='ltr'>liberi,</span> <span class='ocrx_word' id='word_1_30' title='bbox 643 578 702 636; x_wconf 93' lang='lat' dir='ltr'>quo</span> <span class='ocrx_word' id='word_1_31' title='bbox 730 562 856 638; x_wconf 89' lang='lat' dir='ltr'>primum</span> <span class='ocrx_word' id='word_1_32' title='bbox 880 561 961 635; x_wconf 89' lang='lat' dir='ltr'>virgo</span> <span class='ocrx_word' id='word_1_33' title='bbox 991 576 1123 636; x_wconf 91' lang='lat' dir='ltr'>quaeque</span> 
     </span>
     <span class='ocr_line' id='line_1_5' title="bbox 130 655 321 714; baseline -0.005 0"><span class='ocrx_word' id='word_1_34' title='bbox 130 655 255 714; x_wconf 89' lang='lat' dir='ltr'>deducta</span> <span class='ocrx_word' id='word_1_35' title='bbox 270 665 321 714; x_wconf 91' lang='lat' dir='ltr'>est.</span> 
     </span>
    </p>

    <p class='ocr_par' dir='ltr' id='par_1_3' title="bbox 130 753 1170 3673">
     <span class='ocr_line' id='line_1_6' title="bbox 171 753 1150 834; baseline 0 -23"><span class='ocrx_word' id='word_1_36' title='bbox 171 760 219 814; x_wconf 84' lang='grc'>15.</span> <span class='ocrx_word' id='word_1_37' title='bbox 240 753 360 831; x_wconf 88' lang='lat' dir='ltr'><strong>Equites</strong></span> <span class='ocrx_word' id='word_1_38' title='bbox 389 757 517 816; x_wconf 90' lang='lat' dir='ltr'>hostium</span> <span class='ocrx_word' id='word_1_39' title='bbox 548 758 743 834; x_wconf 82' lang='lat' dir='ltr'>essedariique</span> <span class='ocrx_word' id='word_1_40' title='bbox 777 757 879 815; x_wconf 91' lang='lat' dir='ltr'>acriter</span> <span class='ocrx_word' id='word_1_41' title='bbox 912 755 1024 832; x_wconf 90' lang='lat' dir='ltr'>proelio</span> <span class='ocrx_word' id='word_1_42' title='bbox 1056 769 1150 820; x_wconf 86' lang='lat' dir='ltr'>cum5</span> 
     </span>
     <span class='ocr_line' id='line_1_7' title="bbox 130 851 1123 929; baseline 0 -19"><span class='ocrx_word' id='word_1_43' title='bbox 130 853 259 929; x_wconf 88' lang='lat' dir='ltr'>equitatu</span> <span class='ocrx_word' id='word_1_44' title='bbox 290 863 391 914; x_wconf 91' lang='lat' dir='ltr'>nostro</span> <span class='ocrx_word' id='word_1_45' title='bbox 421 857 452 914; x_wconf 92' lang='lat' dir='ltr'>in</span> <span class='ocrx_word' id='word_1_46' title='bbox 482 858 583 915; x_wconf 85' lang='lat' dir='ltr'>itinere</span> <span class='ocrx_word' id='word_1_47' title='bbox 615 856 814 925; x_wconf 84' lang='lat' dir='ltr'>conflixerunt,</span> <span class='ocrx_word' id='word_1_48' title='bbox 843 865 941 912; x_wconf 90' lang='lat' dir='ltr'>tamen</span> <span class='ocrx_word' id='word_1_49' title='bbox 972 862 1004 911; x_wconf 90' lang='lat' dir='ltr'>ut</span> <span class='ocrx_word' id='word_1_50' title='bbox 1031 851 1123 910; x_wconf 83' lang='lat' dir='ltr'>nostri</span> 
     </span>
     <span class='ocr_line' id='line_1_8' title="bbox 131 950 1123 1030; baseline 0 -22"><span class='ocrx_word' id='word_1_51' title='bbox 131 951 267 1009; x_wconf 89' lang='lat' dir='ltr'>omnibus</span> <span class='ocrx_word' id='word_1_52' title='bbox 298 953 425 1026; x_wconf 90' lang='lat' dir='ltr'>partibus</span> <span class='ocrx_word' id='word_1_53' title='bbox 456 955 617 1030; x_wconf 83' lang='lat' dir='ltr'>superiores</span> <span class='ocrx_word' id='word_1_54' title='bbox 644 953 748 1011; x_wconf 87' lang='lat' dir='ltr'>fuerint</span> <span class='ocrx_word' id='word_1_55' title='bbox 778 962 865 1027; x_wconf 86' lang='lat' dir='ltr'>atque</span> <span class='ocrx_word' id='word_1_56' title='bbox 895 968 947 1010; x_wconf 90' lang='lat' dir='ltr'>eos</span> <span class='ocrx_word' id='word_1_57' title='bbox 977 951 1009 1008; x_wconf 94' lang='lat' dir='ltr'>in</span> <span class='ocrx_word' id='word_1_58' title='bbox 1039 950 1123 1008; x_wconf 88' lang='lat' dir='ltr'>silvas</span> 
     </span>
     <span class='ocr_line' id='line_1_9' title="bbox 131 1047 1123 1128; baseline -0.002 -22"><span class='ocrx_word' id='word_1_59' title='bbox 131 1049 278 1124; x_wconf 90' lang='lat' dir='ltr'>collesque</span> <span class='ocrx_word' id='word_1_60' title='bbox 296 1052 487 1127; x_wconf 88' lang='lat' dir='ltr'>compulerint</span> <span class='ocrx_word' id='word_1_61' title='bbox 497 1071 505 1124; x_wconf 93' lang='lat'>;</span> <span class='ocrx_word' id='word_1_62' title='bbox 528 1052 581 1112; x_wconf 93' lang='lat' dir='ltr'>sed</span> <span class='ocrx_word' id='word_1_63' title='bbox 597 1051 792 1128; x_wconf 84' lang='lat' dir='ltr'>compluribus</span> <span class='ocrx_word' id='word_1_64' title='bbox 812 1049 969 1108; x_wconf 86' lang='lat' dir='ltr'>interfectis</span> <span class='ocrx_word' id='word_1_65' title='bbox 990 1047 1123 1125; x_wconf 91' lang='lat' dir='ltr'>cupidius</span> 
     </span>
     <span class='ocr_line' id='line_1_10' title="bbox 130 1145 1122 1209; baseline -0.001 -6"><span class='ocrx_word' id='word_1_66' title='bbox 130 1147 253 1204; x_wconf 90' lang='lat' dir='ltr'>insecuti</span> <span class='ocrx_word' id='word_1_67' title='bbox 281 1149 437 1208; x_wconf 92' lang='lat' dir='ltr'>nonnullos</span> <span class='ocrx_word' id='word_1_68' title='bbox 465 1169 501 1208; x_wconf 87' lang='lat' dir='ltr'>ex</span> <span class='ocrx_word' id='word_1_69' title='bbox 530 1150 589 1209; x_wconf 91' lang='lat' dir='ltr'>suis</span> <span class='ocrx_word' id='word_1_70' title='bbox 617 1151 781 1208; x_wconf 89' lang='lat' dir='ltr'>amisenmt.</span> <span class='ocrx_word' id='word_1_71' title='bbox 823 1148 863 1206; x_wconf 92' lang='lat' dir='ltr'>At</span> <span class='ocrx_word' id='word_1_72' title='bbox 893 1148 933 1205; x_wconf 90' lang='lat' dir='ltr'>illi</span> <span class='ocrx_word' id='word_1_73' title='bbox 959 1145 1122 1205; x_wconf 92' lang='lat' dir='ltr'>intermisso</span> 
     </span>
     <span class='ocr_line' id='line_1_11' title="bbox 132 1243 1168 1323; baseline 0.002 -23"><span class='ocrx_word' id='word_1_74' title='bbox 132 1243 225 1319; x_wconf 91' lang='lat' dir='ltr'>spatio</span> <span class='ocrx_word' id='word_1_75' title='bbox 250 1243 479 1320; x_wconf 87' lang='lat' dir='ltr'>imprudentibus</span> <span class='ocrx_word' id='word_1_76' title='bbox 503 1248 608 1306; x_wconf 90' lang='lat' dir='ltr'>nostris</span> <span class='ocrx_word' id='word_1_77' title='bbox 634 1256 720 1323; x_wconf 89' lang='lat' dir='ltr'>atque</span> <span class='ocrx_word' id='word_1_78' title='bbox 741 1246 888 1322; x_wconf 87' lang='lat' dir='ltr'>occupatis</span> <span class='ocrx_word' id='word_1_79' title='bbox 913 1246 943 1303; x_wconf 92' lang='lat' dir='ltr'>in</span> <span class='ocrx_word' id='word_1_80' title='bbox 963 1245 1123 1303; x_wconf 91' lang='lat' dir='ltr'>munitione</span> <span class='ocrx_word' id='word_1_81' title='bbox 1138 1259 1168 1293; x_wconf 89' lang='lat'>10</span> 
     </span>
     <span class='ocr_line' id='line_1_12' title="bbox 132 1343 1123 1420; baseline -0.002 -20"><span class='ocrx_word' id='word_1_82' title='bbox 132 1350 292 1400; x_wconf 86' lang='lat' dir='ltr'>castrorum</span> <span class='ocrx_word' id='word_1_83' title='bbox 315 1344 410 1403; x_wconf 92' lang='lat' dir='ltr'>subito</span> <span class='ocrx_word' id='word_1_84' title='bbox 436 1363 467 1404; x_wconf 92' lang='lat' dir='ltr'>se</span> <span class='ocrx_word' id='word_1_85' title='bbox 492 1363 528 1404; x_wconf 84' lang='lat' dir='ltr'>ex</span> <span class='ocrx_word' id='word_1_86' title='bbox 557 1345 633 1404; x_wconf 90' lang='lat' dir='ltr'>silvis</span> <span class='ocrx_word' id='word_1_87' title='bbox 658 1347 802 1404; x_wconf 91' lang='lat' dir='ltr'>eiecerunt</span> <span class='ocrx_word' id='word_1_88' title='bbox 825 1344 993 1420; x_wconf 89' lang='lat' dir='ltr'>impetuque</span> <span class='ocrx_word' id='word_1_89' title='bbox 1017 1343 1048 1402; x_wconf 92' lang='lat' dir='ltr'>in</span> <span class='ocrx_word' id='word_1_90' title='bbox 1072 1359 1123 1400; x_wconf 91' lang='lat' dir='ltr'>eos</span> 
     </span>
     <span class='ocr_line' id='line_1_13' title="bbox 131 1437 1124 1520; baseline 0.002 -25"><span class='ocrx_word' id='word_1_91' title='bbox 131 1437 218 1510; x_wconf 82' lang='lat' dir='ltr'>lacte,</span> <span class='ocrx_word' id='word_1_92' title='bbox 243 1439 292 1516; x_wconf 92' lang='lat' dir='ltr'>qui</span> <span class='ocrx_word' id='word_1_93' title='bbox 319 1451 400 1500; x_wconf 89' lang='lat' dir='ltr'>erant</span> <span class='ocrx_word' id='word_1_94' title='bbox 425 1443 456 1501; x_wconf 92' lang='lat' dir='ltr'>in</span> <span class='ocrx_word' id='word_1_95' title='bbox 483 1443 606 1502; x_wconf 89' lang='lat' dir='ltr'>statione</span> <span class='ocrx_word' id='word_1_96' title='bbox 636 1461 690 1520; x_wconf 93' lang='lat' dir='ltr'>pro</span> <span class='ocrx_word' id='word_1_97' title='bbox 723 1443 823 1501; x_wconf 88' lang='lat' dir='ltr'>castris</span> <span class='ocrx_word' id='word_1_98' title='bbox 854 1441 994 1513; x_wconf 89' lang='lat' dir='ltr'>collocati,</span> <span class='ocrx_word' id='word_1_99' title='bbox 1022 1440 1124 1498; x_wconf 87' lang='lat' dir='ltr'>acriter</span> 
     </span>
     <span class='ocr_line' id='line_1_14' title="bbox 132 1536 1124 1618; baseline 0.002 -25"><span class='ocrx_word' id='word_1_100' title='bbox 132 1547 341 1612; x_wconf 85' lang='lat' dir='ltr'>pugnaverunt,</span> <span class='ocrx_word' id='word_1_101' title='bbox 363 1539 531 1618; x_wconf 90' lang='lat' dir='ltr'>duabusque</span> <span class='ocrx_word' id='word_1_102' title='bbox 552 1541 647 1600; x_wconf 90' lang='lat' dir='ltr'>missis</span> <span class='ocrx_word' id='word_1_103' title='bbox 672 1541 801 1599; x_wconf 91' lang='lat' dir='ltr'>subsidio</span> <span class='ocrx_word' id='word_1_104' title='bbox 822 1539 990 1599; x_wconf 83' lang='lat' dir='ltr'>cohortibus</span> <span class='ocrx_word' id='word_1_105' title='bbox 1011 1557 1029 1596; x_wconf 93' lang='lat' dir='ltr'>a</span> <span class='ocrx_word' id='word_1_106' title='bbox 1049 1536 1124 1596; x_wconf 89' lang='lat' dir='ltr'>Cae·</span> 
     </span>
     <span class='ocr_line' id='line_1_15' title="bbox 134 1637 1123 1716; baseline 0.001 -23"><span class='ocrx_word' id='word_1_107' title='bbox 134 1654 196 1694; x_wconf 92' lang='lat' dir='ltr'>sare</span> <span class='ocrx_word' id='word_1_108' title='bbox 223 1646 308 1713; x_wconf 88' lang='lat' dir='ltr'>atque</span> <span class='ocrx_word' id='word_1_109' title='bbox 336 1637 380 1696; x_wconf 92' lang='lat' dir='ltr'>his</span> <span class='ocrx_word' id='word_1_110' title='bbox 411 1639 513 1714; x_wconf 91' lang='lat' dir='ltr'>primis</span> <span class='ocrx_word' id='word_1_111' title='bbox 542 1639 692 1716; x_wconf 88' lang='lat' dir='ltr'>legionum</span> <span class='ocrx_word' id='word_1_112' title='bbox 720 1639 850 1711; x_wconf 91' lang='lat' dir='ltr'>duarum,</span> <span class='ocrx_word' id='word_1_113' title='bbox 882 1657 950 1697; x_wconf 91' lang='lat' dir='ltr'>cum</span> <span class='ocrx_word' id='word_1_114' title='bbox 977 1638 1032 1696; x_wconf 89' lang='lat' dir='ltr'>hae</span> <span class='ocrx_word' id='word_1_115' title='bbox 1059 1655 1123 1713; x_wconf 92' lang='lat' dir='ltr'>per-</span> 
     </span>
     <span class='ocr_line' id='line_1_16' title="bbox 132 1733 1168 1816; baseline 0.006 -25"><span class='ocrx_word' id='word_1_116' title='bbox 132 1734 240 1808; x_wconf 86' lang='lat' dir='ltr'>exiguo</span> <span class='ocrx_word' id='word_1_117' title='bbox 264 1735 427 1795; x_wconf 89' lang='lat' dir='ltr'>intermisso</span> <span class='ocrx_word' id='word_1_118' title='bbox 450 1733 532 1816; x_wconf 91' lang='lat' dir='ltr'>[loci]</span> <span class='ocrx_word' id='word_1_119' title='bbox 556 1737 649 1814; x_wconf 91' lang='lat' dir='ltr'>spatio</span> <span class='ocrx_word' id='word_1_120' title='bbox 672 1737 745 1796; x_wconf 91' lang='lat' dir='ltr'>inter</span> <span class='ocrx_word' id='word_1_121' title='bbox 768 1755 799 1795; x_wconf 91' lang='lat' dir='ltr'>se</span> <span class='ocrx_word' id='word_1_122' title='bbox 821 1737 1026 1807; x_wconf 88' lang='lat' dir='ltr'>constitissent,</span> <span class='ocrx_word' id='word_1_123' title='bbox 1046 1752 1124 1793; x_wconf 93' lang='lat' dir='ltr'>novo</span> <span class='ocrx_word' id='word_1_124' title='bbox 1140 1746 1168 1797; x_wconf 86' lang='lat'>15</span> 
     </span>
     <span class='ocr_line' id='line_1_17' title="bbox 132 1833 1122 1911; baseline 0.002 -23"><span class='ocrx_word' id='word_1_125' title='bbox 132 1849 239 1907; x_wconf 88' lang='lat' dir='ltr'>genere</span> <span class='ocrx_word' id='word_1_126' title='bbox 263 1850 379 1908; x_wconf 84' lang='lat' dir='ltr'>pugnae</span> <span class='ocrx_word' id='word_1_127' title='bbox 406 1835 560 1910; x_wconf 86' lang='lat' dir='ltr'>perterritis</span> <span class='ocrx_word' id='word_1_128' title='bbox 584 1835 690 1894; x_wconf 89' lang='lat' dir='ltr'>nostris</span> <span class='ocrx_word' id='word_1_129' title='bbox 717 1853 770 1911; x_wconf 91' lang='lat' dir='ltr'>per</span> <span class='ocrx_word' id='word_1_130' title='bbox 792 1834 906 1892; x_wconf 90' lang='lat' dir='ltr'>medios</span> <span class='ocrx_word' id='word_1_131' title='bbox 930 1833 1122 1892; x_wconf 85' lang='lat' dir='ltr'>audacissime</span> 
     </span>
     <span class='ocr_line' id='line_1_18' title="bbox 132 1930 1124 2008; baseline 0.005 -23"><span class='ocrx_word' id='word_1_132' title='bbox 132 1939 322 2004; x_wconf 89' lang='lat' dir='ltr'>perruperunt</span> <span class='ocrx_word' id='word_1_133' title='bbox 354 1949 442 2007; x_wconf 91' lang='lat' dir='ltr'>seque</span> <span class='ocrx_word' id='word_1_134' title='bbox 474 1932 542 1990; x_wconf 90' lang='lat' dir='ltr'>inde</span> <span class='ocrx_word' id='word_1_135' title='bbox 577 1932 736 1990; x_wconf 87' lang='lat' dir='ltr'>incolumes</span> <span class='ocrx_word' id='word_1_136' title='bbox 767 1941 945 2008; x_wconf 87' lang='lat' dir='ltr'>receperunt.</span> <span class='ocrx_word' id='word_1_137' title='bbox 1010 1930 1056 1990; x_wconf 90' lang='lat' dir='ltr'>Eo</span> <span class='ocrx_word' id='word_1_138' title='bbox 1077 1932 1124 1990; x_wconf 90' lang='lat' dir='ltr'>die</span> 
     </span>
     <span class='ocr_line' id='line_1_19' title="bbox 135 2025 1125 2106; baseline 0.004 -22"><span class='ocrx_word' id='word_1_139' title='bbox 135 2025 172 2098; x_wconf 88' lang='lat' dir='ltr'>Q.</span> <span class='ocrx_word' id='word_1_140' title='bbox 198 2026 337 2087; x_wconf 87' lang='lat' dir='ltr'>Laberius</span> <span class='ocrx_word' id='word_1_141' title='bbox 359 2027 465 2099; x_wconf 89' lang='lat' dir='ltr'>Durus,</span> <span class='ocrx_word' id='word_1_142' title='bbox 483 2030 612 2088; x_wconf 89' lang='lat' dir='ltr'>tribunus</span> <span class='ocrx_word' id='word_1_143' title='bbox 637 2031 766 2101; x_wconf 90' lang='lat' dir='ltr'>militum,</span> <span class='ocrx_word' id='word_1_144' title='bbox 786 2030 960 2088; x_wconf 90' lang='lat' dir='ltr'>interficitur.</span> <span class='ocrx_word' id='word_1_145' title='bbox 997 2029 1042 2088; x_wconf 93' lang='lat' dir='ltr'>Illi</span> <span class='ocrx_word' id='word_1_146' title='bbox 1062 2029 1125 2106; x_wconf 92' lang='lat' dir='ltr'>plu-</span> 
     </span>
     <span class='ocr_line' id='line_1_20' title="bbox 133 2125 1124 2203; baseline 0.004 -22"><span class='ocrx_word' id='word_1_147' title='bbox 133 2125 212 2184; x_wconf 94' lang='lat' dir='ltr'>ribus</span> <span class='ocrx_word' id='word_1_148' title='bbox 239 2126 390 2184; x_wconf 90' lang='lat' dir='ltr'>submissis</span> <span class='ocrx_word' id='word_1_149' title='bbox 418 2125 585 2186; x_wconf 90' lang='lat' dir='ltr'>cohortibus</span> <span class='ocrx_word' id='word_1_150' title='bbox 606 2128 788 2203; x_wconf 91' lang='lat' dir='ltr'>repelluntur.</span> <span class='ocrx_word' id='word_1_151' title='bbox 830 2134 877 2186; x_wconf 85' lang='grc'>16.</span> <span class='ocrx_word' id='word_1_152' title='bbox 901 2127 981 2185; x_wconf 94' lang='lat' dir='ltr'>Toto</span> <span class='ocrx_word' id='word_1_153' title='bbox 1009 2127 1066 2186; x_wconf 92' lang='lat' dir='ltr'>hoc</span> <span class='ocrx_word' id='word_1_154' title='bbox 1094 2128 1124 2185; x_wconf 92' lang='lat' dir='ltr'>in</span> 
     </span>
     <span class='ocr_line' id='line_1_21' title="bbox 133 2225 1169 2300; baseline 0.003 -20"><span class='ocrx_word' id='word_1_155' title='bbox 133 2241 239 2298; x_wconf 85' lang='lat' dir='ltr'>genere</span> <span class='ocrx_word' id='word_1_156' title='bbox 266 2241 383 2299; x_wconf 91' lang='lat' dir='ltr'>pugnae</span> <span class='ocrx_word' id='word_1_157' title='bbox 412 2242 480 2282; x_wconf 90' lang='lat' dir='ltr'>eum</span> <span class='ocrx_word' id='word_1_158' title='bbox 511 2226 564 2283; x_wconf 95' lang='lat' dir='ltr'>sub</span> <span class='ocrx_word' id='word_1_159' title='bbox 592 2225 684 2284; x_wconf 90' lang='lat' dir='ltr'>oeulis</span> <span class='ocrx_word' id='word_1_160' title='bbox 715 2225 846 2284; x_wconf 90' lang='lat' dir='ltr'>omnium</span> <span class='ocrx_word' id='word_1_161' title='bbox 877 2243 911 2284; x_wconf 91' lang='lat' dir='ltr'>ac</span> <span class='ocrx_word' id='word_1_162' title='bbox 938 2242 992 2300; x_wconf 92' lang='lat' dir='ltr'>pro</span> <span class='ocrx_word' id='word_1_163' title='bbox 1025 2225 1124 2283; x_wconf 90' lang='lat' dir='ltr'>castris</span> <span class='ocrx_word' id='word_1_164' title='bbox 1140 2239 1169 2273; x_wconf 84' lang='lat'>²0</span> 
     </span>
     <span class='ocr_line' id='line_1_22' title="bbox 135 2319 1124 2399; baseline 0.004 -23"><span class='ocrx_word' id='word_1_165' title='bbox 135 2319 325 2393; x_wconf 89' lang='lat' dir='ltr'>dimicaretur,</span> <span class='ocrx_word' id='word_1_166' title='bbox 347 2321 523 2380; x_wconf 91' lang='lat' dir='ltr'>intellectum</span> <span class='ocrx_word' id='word_1_167' title='bbox 541 2332 591 2382; x_wconf 79' lang='lat' dir='ltr'>&#39;est</span> <span class='ocrx_word' id='word_1_168' title='bbox 611 2333 727 2382; x_wconf 90' lang='lat' dir='ltr'>nostros</span> <span class='ocrx_word' id='word_1_169' title='bbox 748 2331 866 2399; x_wconf 90' lang='lat' dir='ltr'>propter</span> <span class='ocrx_word' id='word_1_170' title='bbox 890 2323 1058 2399; x_wconf 90' lang='lat' dir='ltr'>gravitatem</span> <span class='ocrx_word' id='word_1_171' title='bbox 1079 2340 1124 2380; x_wconf 89' lang='lat' dir='ltr'>ar-</span> 
     </span>
     <span class='ocr_line' id='line_1_23' title="bbox 134 2419 1124 2496; baseline 0.003 -22"><span class='ocrx_word' id='word_1_172' title='bbox 134 2435 258 2490; x_wconf 92' lang='lat' dir='ltr'>morum,</span> <span class='ocrx_word' id='word_1_173' title='bbox 280 2419 360 2494; x_wconf 92' lang='lat' dir='ltr'>quod</span> <span class='ocrx_word' id='word_1_174' title='bbox 388 2437 484 2494; x_wconf 90' lang='lat' dir='ltr'>neque</span> <span class='ocrx_word' id='word_1_175' title='bbox 514 2420 628 2496; x_wconf 90' lang='lat' dir='ltr'>insequi</span> <span class='ocrx_word' id='word_1_176' title='bbox 656 2420 790 2478; x_wconf 89' lang='lat' dir='ltr'>cedentes</span> <span class='ocrx_word' id='word_1_177' title='bbox 819 2429 939 2496; x_wconf 89' lang='lat' dir='ltr'>possent</span> <span class='ocrx_word' id='word_1_178' title='bbox 967 2437 1063 2496; x_wconf 91' lang='lat' dir='ltr'>neque</span> <span class='ocrx_word' id='word_1_179' title='bbox 1087 2419 1124 2478; x_wconf 92' lang='lat' dir='ltr'>ab</span> 
     </span>
     <span class='ocr_line' id='line_1_24' title="bbox 135 2516 1125 2596; baseline 0.001 -21"><span class='ocrx_word' id='word_1_180' title='bbox 135 2516 224 2592; x_wconf 92' lang='lat' dir='ltr'>signis</span> <span class='ocrx_word' id='word_1_181' title='bbox 254 2516 401 2576; x_wconf 89' lang='lat' dir='ltr'>discedere</span> <span class='ocrx_word' id='word_1_182' title='bbox 424 2518 570 2590; x_wconf 89' lang='lat' dir='ltr'>auderent,</span> <span class='ocrx_word' id='word_1_183' title='bbox 592 2519 687 2578; x_wconf 91' lang='lat' dir='ltr'>minus</span> <span class='ocrx_word' id='word_1_184' title='bbox 707 2529 791 2595; x_wconf 88' lang='lat' dir='ltr'>aptos</span> <span class='ocrx_word' id='word_1_185' title='bbox 816 2537 880 2576; x_wconf 92' lang='lat' dir='ltr'>esse</span> <span class='ocrx_word' id='word_1_186' title='bbox 905 2517 1050 2596; x_wconf 71' lang='lat' dir='ltr'>adhuius</span> <span class='ocrx_word' id='word_1_187' title='bbox 1074 2536 1125 2594; x_wconf 87' lang='lat' dir='ltr'>ge·</span> 
     </span>
     <span class='ocr_line' id='line_1_25' title="bbox 134 2613 1125 2693; baseline 0.002 -21"><span class='ocrx_word' id='word_1_188' title='bbox 134 2615 211 2672; x_wconf 91' lang='lat' dir='ltr'>neris</span> <span class='ocrx_word' id='word_1_189' title='bbox 234 2613 357 2686; x_wconf 92' lang='lat' dir='ltr'>hostem,</span> <span class='ocrx_word' id='word_1_190' title='bbox 378 2616 488 2692; x_wconf 91' lang='lat' dir='ltr'>equites</span> <span class='ocrx_word' id='word_1_191' title='bbox 514 2627 611 2674; x_wconf 90' lang='lat' dir='ltr'>autem</span> <span class='ocrx_word' id='word_1_192' title='bbox 635 2634 744 2693; x_wconf 86' lang='lat' dir='ltr'>magno</span> <span class='ocrx_word' id='word_1_193' title='bbox 769 2635 836 2674; x_wconf 90' lang='lat' dir='ltr'>cum</span> <span class='ocrx_word' id='word_1_194' title='bbox 861 2615 990 2692; x_wconf 87' lang='lat' dir='ltr'>periculo</span> <span class='ocrx_word' id='word_1_195' title='bbox 1014 2617 1125 2692; x_wconf 91' lang='lat' dir='ltr'>proelio</span> 
     </span>
     <span class='ocr_line' id='line_1_26' title="bbox 134 2713 1168 2790; baseline -0.004 -18"><span class='ocrx_word' id='word_1_196' title='bbox 134 2713 281 2785; x_wconf 92' lang='lat' dir='ltr'>dimicare,</span> <span class='ocrx_word' id='word_1_197' title='bbox 309 2723 463 2790; x_wconf 86' lang='lat' dir='ltr'>propterea</span> <span class='ocrx_word' id='word_1_198' title='bbox 494 2715 574 2789; x_wconf 91' lang='lat' dir='ltr'>quod</span> <span class='ocrx_word' id='word_1_199' title='bbox 604 2715 643 2772; x_wconf 92' lang='lat' dir='ltr'>illi</span> <span class='ocrx_word' id='word_1_200' title='bbox 674 2716 761 2772; x_wconf 90' lang='lat' dir='ltr'>etiam</span> <span class='ocrx_word' id='word_1_201' title='bbox 792 2713 927 2772; x_wconf 91' lang='lat' dir='ltr'>consulto</span> <span class='ocrx_word' id='word_1_202' title='bbox 955 2715 1125 2790; x_wconf 91' lang='lat' dir='ltr'>plerumque</span> <span class='ocrx_word' id='word_1_203' title='bbox 1139 2732 1168 2782; x_wconf 79' lang='lat'>25</span> 
     </span>
     <span class='ocr_line' id='line_1_27' title="bbox 135 2813 1125 2889; baseline 0.001 -19"><span class='ocrx_word' id='word_1_204' title='bbox 135 2813 270 2870; x_wconf 88' lang='lat' dir='ltr'>cederent</span> <span class='ocrx_word' id='word_1_205' title='bbox 287 2821 323 2882; x_wconf 91' lang='lat' dir='ltr'>et,</span> <span class='ocrx_word' id='word_1_206' title='bbox 341 2831 408 2870; x_wconf 91' lang='lat' dir='ltr'>cum</span> <span class='ocrx_word' id='word_1_207' title='bbox 425 2813 544 2889; x_wconf 93' lang='lat' dir='ltr'>paulum</span> <span class='ocrx_word' id='word_1_208' title='bbox 561 2814 598 2871; x_wconf 92' lang='lat' dir='ltr'>ab</span> <span class='ocrx_word' id='word_1_209' title='bbox 614 2813 777 2888; x_wconf 90' lang='lat' dir='ltr'>legionibus</span> <span class='ocrx_word' id='word_1_210' title='bbox 795 2823 910 2872; x_wconf 90' lang='lat' dir='ltr'>nostros</span> <span class='ocrx_word' id='word_1_211' title='bbox 928 2813 1125 2884; x_wconf 88' lang='lat' dir='ltr'>removissent,</span> 
     </span>
     <span class='ocr_line' id='line_1_28' title="bbox 134 2909 1126 2987; baseline 0.002 -19"><span class='ocrx_word' id='word_1_212' title='bbox 134 2929 171 2968; x_wconf 88' lang='lat' dir='ltr'>ex</span> <span class='ocrx_word' id='word_1_213' title='bbox 186 2909 295 2968; x_wconf 88' lang='lat' dir='ltr'>essedis</span> <span class='ocrx_word' id='word_1_214' title='bbox 310 2909 463 2980; x_wconf 89' lang='lat' dir='ltr'>desilirent,</span> <span class='ocrx_word' id='word_1_215' title='bbox 478 2911 643 2987; x_wconf 91' lang='lat' dir='ltr'>etpedibus</span> <span class='ocrx_word' id='word_1_216' title='bbox 659 2911 766 2987; x_wconf 87' lang='lat' dir='ltr'>dispari</span> <span class='ocrx_word' id='word_1_217' title='bbox 782 2911 893 2987; x_wconf 90' lang='lat' dir='ltr'>proelio</span> <span class='ocrx_word' id='word_1_218' title='bbox 909 2912 1126 2970; x_wconf 89' lang='lat' dir='ltr'>contenderent.</span> 
     </span>
     <span class='ocr_line' id='line_1_29' title="bbox 133 3007 1126 3092; baseline 0.002 -26"><span class='ocrx_word' id='word_1_219' title='bbox 133 3007 284 3084; x_wconf 88' lang='lat' dir='ltr'>Equestris</span> <span class='ocrx_word' id='word_1_220' title='bbox 303 3017 400 3092; x_wconf 73' lang='lat' dir='ltr'>autem</span> <span class='ocrx_word' id='word_1_221' title='bbox 421 3007 521 3084; x_wconf 91' lang='lat' dir='ltr'>proelii</span> <span class='ocrx_word' id='word_1_222' title='bbox 540 3009 612 3067; x_wconf 91' lang='lat' dir='ltr'>ratio</span> <span class='ocrx_word' id='word_1_223' title='bbox 632 3019 661 3067; x_wconf 91' lang='lat' dir='ltr'>et</span> <span class='ocrx_word' id='word_1_224' title='bbox 675 3009 843 3068; x_wconf 88' lang='lat' dir='ltr'>cedentibus</span> <span class='ocrx_word' id='word_1_225' title='bbox 861 3020 889 3066; x_wconf 90' lang='lat' dir='ltr'>et</span> <span class='ocrx_word' id='word_1_226' title='bbox 908 3009 1126 3084; x_wconf 91' lang='lat' dir='ltr'>insequentibus</span> 
     </span>
     <span class='ocr_line' id='line_1_30' title="bbox 134 3105 1126 3185; baseline 0.001 -21"><span class='ocrx_word' id='word_1_227' title='bbox 134 3126 188 3185; x_wconf 91' lang='lat' dir='ltr'>par</span> <span class='ocrx_word' id='word_1_228' title='bbox 215 3117 301 3183; x_wconf 92' lang='lat' dir='ltr'>atque</span> <span class='ocrx_word' id='word_1_229' title='bbox 328 3105 406 3163; x_wconf 89' lang='lat' dir='ltr'>idem</span> <span class='ocrx_word' id='word_1_230' title='bbox 433 3106 591 3182; x_wconf 89' lang='lat' dir='ltr'>periculum</span> <span class='ocrx_word' id='word_1_231' title='bbox 619 3107 767 3166; x_wconf 88' lang='lat' dir='ltr'>inserebat.</span> <span class='ocrx_word' id='word_1_232' title='bbox 808 3107 977 3164; x_wconf 89' lang='lat' dir='ltr'>Accedebat</span> <span class='ocrx_word' id='word_1_233' title='bbox 1004 3105 1070 3177; x_wconf 92' lang='lat' dir='ltr'>huc,</span> <span class='ocrx_word' id='word_1_234' title='bbox 1095 3116 1126 3165; x_wconf 93' lang='lat' dir='ltr'>ut</span> 
     </span>
     <span class='ocr_line' id='line_1_31' title="bbox 134 3203 1170 3281; baseline -0.006 -17"><span class='ocrx_word' id='word_1_235' title='bbox 134 3223 295 3281; x_wconf 90' lang='lat' dir='ltr'>numquam</span> <span class='ocrx_word' id='word_1_236' title='bbox 326 3204 454 3274; x_wconf 89' lang='lat' dir='ltr'>conferti,</span> <span class='ocrx_word' id='word_1_237' title='bbox 487 3205 539 3263; x_wconf 91' lang='lat' dir='ltr'>sed</span> <span class='ocrx_word' id='word_1_238' title='bbox 569 3205 623 3262; x_wconf 89' lang='lat' dir='ltr'>rari</span> <span class='ocrx_word' id='word_1_239' title='bbox 654 3205 825 3280; x_wconf 87' lang='lat' dir='ltr'>magnisque</span> <span class='ocrx_word' id='word_1_240' title='bbox 856 3203 1010 3261; x_wconf 91' lang='lat' dir='ltr'>intervallis</span> <span class='ocrx_word' id='word_1_241' title='bbox 1040 3221 1124 3279; x_wconf 90' lang='lat' dir='ltr'>proe·</span> <span class='ocrx_word' id='word_1_242' title='bbox 1139 3223 1170 3270; x_wconf 79' lang='lat'>30</span> 
     </span>
     <span class='ocr_line' id='line_1_32' title="bbox 134 3299 1125 3378; baseline -0.004 -16"><span class='ocrx_word' id='word_1_243' title='bbox 134 3304 277 3372; x_wconf 71' lang='lat' dir='ltr'>limentur,</span> <span class='ocrx_word' id='word_1_244' title='bbox 300 3303 496 3377; x_wconf 88' lang='lat' dir='ltr'>stationesque</span> <span class='ocrx_word' id='word_1_245' title='bbox 522 3302 676 3378; x_wconf 90' lang='lat' dir='ltr'>dispositas</span> <span class='ocrx_word' id='word_1_246' title='bbox 701 3302 848 3372; x_wconf 89' lang='lat' dir='ltr'>haberent,</span> <span class='ocrx_word' id='word_1_247' title='bbox 874 3310 959 3375; x_wconf 92' lang='lat' dir='ltr'>atque</span> <span class='ocrx_word' id='word_1_248' title='bbox 983 3299 1055 3358; x_wconf 90' lang='lat' dir='ltr'>alios</span> <span class='ocrx_word' id='word_1_249' title='bbox 1079 3301 1125 3358; x_wconf 91' lang='lat' dir='ltr'>alii</span> 
     </span>
     <span class='ocr_line' id='line_1_33' title="bbox 135 3398 1124 3475; baseline -0.002 -16"><span class='ocrx_word' id='word_1_250' title='bbox 135 3401 274 3475; x_wconf 91' lang='lat' dir='ltr'>deinceps</span> <span class='ocrx_word' id='word_1_251' title='bbox 299 3400 471 3474; x_wconf 86' lang='lat' dir='ltr'>exciperent,</span> <span class='ocrx_word' id='word_1_252' title='bbox 496 3399 655 3474; x_wconf 89' lang='lat' dir='ltr'>integrique</span> <span class='ocrx_word' id='word_1_253' title='bbox 676 3409 705 3458; x_wconf 92' lang='lat' dir='ltr'>et</span> <span class='ocrx_word' id='word_1_254' title='bbox 718 3409 848 3457; x_wconf 86' lang='lat' dir='ltr'>recentes</span> <span class='ocrx_word' id='word_1_255' title='bbox 874 3398 1035 3474; x_wconf 83' lang='lat' dir='ltr'>defatigatis</span> <span class='ocrx_word' id='word_1_256' title='bbox 1060 3416 1124 3458; x_wconf 91' lang='lat' dir='ltr'>suc-</span> 
     </span>
     <span class='ocr_line' id='line_1_34' title="bbox 136 3495 1132 3571; baseline -0.004 -13"><span class='ocrx_word' id='word_1_257' title='bbox 136 3498 278 3558; x_wconf 88' lang='lat' dir='ltr'>cederent.</span> <span class='ocrx_word' id='word_1_258' title='bbox 320 3502 367 3557; x_wconf 82' lang='lat'>17.</span> <span class='ocrx_word' id='word_1_259' title='bbox 389 3495 509 3554; x_wconf 90' lang='lat' dir='ltr'>Postero</span> <span class='ocrx_word' id='word_1_260' title='bbox 527 3497 573 3554; x_wconf 93' lang='lat' dir='ltr'>die</span> <span class='ocrx_word' id='word_1_261' title='bbox 590 3497 689 3571; x_wconf 84' lang='lat' dir='ltr'>procul</span> <span class='ocrx_word' id='word_1_262' title='bbox 707 3515 724 3554; x_wconf 93' lang='lat' dir='ltr'>a</span> <span class='ocrx_word' id='word_1_263' title='bbox 739 3497 837 3554; x_wconf 87' lang='lat' dir='ltr'>castris</span> <span class='ocrx_word' id='word_1_264' title='bbox 848 3495 946 3556; x_wconf 91' lang='lat' dir='ltr'>hostes</span> <span class='ocrx_word' id='word_1_265' title='bbox 960 3497 990 3553; x_wconf 92' lang='lat' dir='ltr'>in</span> <span class='ocrx_word' id='word_1_266' title='bbox 1004 3496 1132 3555; x_wconf 86' lang='lat' dir='ltr'>collibus-</span> 
     </span>
     <span class='ocr_line' id='line_1_35' title="bbox 135 3593 1126 3673; baseline -0.003 -16"><span class='ocrx_word' id='word_1_267' title='bbox 135 3596 325 3658; x_wconf 89' lang='lat' dir='ltr'>constiterunt</span> <span class='ocrx_word' id='word_1_268' title='bbox 355 3593 467 3671; x_wconf 91' lang='lat' dir='ltr'>rarique</span> <span class='ocrx_word' id='word_1_269' title='bbox 495 3611 527 3652; x_wconf 92' lang='lat' dir='ltr'>se</span> <span class='ocrx_word' id='word_1_270' title='bbox 556 3595 709 3653; x_wconf 89' lang='lat' dir='ltr'>ostendere</span> <span class='ocrx_word' id='word_1_271' title='bbox 737 3604 765 3654; x_wconf 92' lang='lat' dir='ltr'>et</span> <span class='ocrx_word' id='word_1_272' title='bbox 795 3593 888 3652; x_wconf 92' lang='lat' dir='ltr'>lenius</span> <span class='ocrx_word' id='word_1_273' title='bbox 919 3613 1007 3673; x_wconf 90' lang='lat' dir='ltr'>quam</span> <span class='ocrx_word' id='word_1_274' title='bbox 1034 3594 1126 3672; x_wconf 91' lang='lat' dir='ltr'>pridie</span> 
     </span>
    </p>
   </div>
   <div class='ocr_carea' id='block_1_3' title="bbox 0 0 1328 3914">
    <p class='ocr_par' dir='ltr' id='par_1_4' title="bbox 0 0 1328 3914">
     <span class='ocr_line' id='line_1_36' title="bbox 0 0 1328 3914; baseline 0 0"><span class='ocrx_word' id='word_1_275' title='bbox 0 0 1328 3914; x_wconf 95' lang='lat' dir='ltr'> </span> 
     </span>
    </p>
   </div>
  </div>
 </body>
</html>
