2606 3934
126 223 263 309 45-48,
371 237 417 285 DE
438 234 547 284 BELLO
571 235 718 285 GALLICO
742 235 850 285 COMM.
873 235 898 284 I.
1074 242 1113 307 29

126 385 249 461 aliquem
276 383 314 443 ad
341 403 372 444 se
399 385 530 444 mitteret.
575 383 767 460 Colloquendi
796 383 912 444 Caesari
939 403 1028 443 causa
1051 385 1113 443 visa

126 493 250 553 nonest,
265 492 294 542 et
313 501 350 542 eo
369 483 470 558 magis,
487 483 566 559 quod
585 483 675 559 pridie
692 482 824 580 eiusodiei
844 481 983 540 Germani
997 483 1112 540 retineri

127 599 186 640 non
212 591 354 656 poterant,
380 582 450 658 quin
472 581 503 638 in
525 591 640 638 nostros
669 581 725 638 tela
753 581 927 639 conicerent.
968 580 1112 656 Legatum

127 698 142 737 e
169 680 226 737 suis
254 697 318 738 sese
345 695 463 754 magno·
481 697 548 736 cum
575 678 703 754 periculo
732 677 770 736 ad
797 696 865 736 eum
899 678 1053 737 missurum
1085 687 1114 737 et

127 775 291 834 hominibus
312 775 379 833 feris
398 775 580 834 obiecturum
601 775 789 833 existimabat.
834 775 1142 845 Commodissimum

108 874 218 946 ‚visum
246 883 289 932 est
318 872 426 932 Gaium
453 872 602 930 Valerium
629 871 793 944 Procillum,
821 871 855 930 C.
883 872 980 930 Valeri
1008 871 1115 930 Caburi

126 971 224 1041 filiurn,
253 990 368 1030 summa
393 971 494 1028 virtute
523 980 551 1028 et
578 969 755 1028 humanitate
783 969 1005 1042 adulescentem,
1035 971 1115 1028 cuius

126 1079 206 1143 pater
220 1087 237 1127 a
252 1068 327 1128 Gaio
344 1068 462 1126 Valerio
482 1067 587 1125 Flacco
607 1067 719 1124 civitate
728 1067 857 1126 'donatus
870 1078 938 1138 erat,
953 1078 983 1128 et
997 1075 1115 1145 propter

128 1167 214 1224 fidem
242 1175 271 1224 et
297 1177 416 1242 propter
443 1165 558 1242 linguae
588 1163 716 1223 Gallicae
747 1165 906 1237 scientiam,
935 1185 992 1243 qua
1026 1167 1116 1224 multa

127 1265 184 1324 iam
206 1265 366 1323 Ariovistus
389 1264 550 1338 longinqua
575 1261 786 1320 consuetudine
814 1263 954 1334 utebatur,
980 1274 1008 1323 et
1036 1263 1116 1340 quod
1131 1281 1160 1317 10

128 1364 158 1421 in
176 1381 212 1421 eo
230 1362 371 1438 peccandi
391 1359 545 1418 Germanis
565 1377 652 1417 causa
669 1377 730 1416 non
747 1371 830 1430 esset,
851 1361 889 1418 ad
910 1379 976 1419 eum
995 1362 1115 1432 mittere,

129 1469 157 1518 et
178 1459 219 1518 M.
235 1459 367 1528 Metium,
390 1458 440 1534 qui
460 1458 587 1532 hospitio
612 1457 748 1515 Ariovisti
768 1459 908 1517 utebatur.
951 1458 1007 1518 His
1035 1477 1116 1518 man-

129 1559 213 1627 davit,
235 1567 274 1628 ut,
296 1576 371 1634 quae
400 1557 507 1616 diceret
534 1555 703 1627 Ariovistus,
726 1567 937 1630 cognoscerent
964 1567 992 1616 et
1019 1559 1057 1616 ad
1085 1577 1116 1616 se

129 1655 273 1713 referrent.
317 1654 401 1726 Quos
430 1672 497 1712 cum
525 1653 603 1728 apud
625 1671 655 1711 se
683 1654 713 1710 in
736 1655 836 1712 castris
857 1655 1018 1714 Ariovistus
1047 1673 1116 1714 con-

129 1755 279 1830 spexisset,
303 1753 429 1812 exercitu
451 1769 504 1810 suo
529 1761 679 1826 praesente
700 1751 907 1810 conclamavit:
936 1754 1006 1830 quid
1027 1753 1070 1820 ad¹
1086 1771 1117 1812 se
1133 1774 1160 1824 ¹5

129 1852 278 1908 venirent?
307 1869 345 1908 an
364 1849 532 1926 speculandi
553 1850 659 1908 causa?
702 1849 841 1908 Conantis
859 1851 953 1910 dicere
974 1851 1118 1928 prohibuit

130 1959 159 2006 et
177 1949 208 2004 in
228 1957 344 2006 catenas
363 1947 494 2006 coniecit.
534 1953 588 2005 48.
616 1946 730 2006 Eodem
749 1947 795 2006 die
814 1957 907 2007 castra
926 1951 1071 2026 promovit
1090 1962 1119 2009 et

129 2045 245 2102 milibus
262 2063 400 2120 passuum
421 2062 506 2102 sexa
525 2043 657 2104 Caesaris
680 2046 778 2103 castris
797 2048 965 2105 submonte
980 2049 1118 2107 consedit.

130 2143 271 2200 Postridie
299 2142 360 2199 eius
390 2141 445 2199 diei
478 2127 591 2218 praeter
623 2153 716 2200 castra
751 2142 882 2202 Caesaris
918 2163 984 2202 suas
1019 2148 1118 2222 copias

29 2293 33 2299 .
130 2243 256 2301 traduxit
276 2251 305 2299 et
323 2241 438 2298 milibus
460 2257 598 2316 passuum
623 2241 736 2299 duobus
758 2241 831 2301 ultra
854 2261 922 2300 eum
941 2253 1033 2303 castra
1052 2245 1118 2318 fecit
1134 2263 1163 2298 20

131 2360 169 2400 eo
190 2339 321 2408 consilio,
349 2339 390 2396 uti
418 2337 563 2396 frumento
590 2348 820 2415 commeatuque,
842 2342 891 2416 qui
919 2359 955 2399 ex
978 2342 1119 2420 Sequanis

131 2448 160 2498 et
187 2437 296 2496 Aeduis
325 2444 549 2510 supportaretur,
575 2435 732 2494 Caesarem
760 2437 968 2498 intercluderet.
1009 2441 1055 2500 Ex
1083 2461 1119 2501 eo

132 2538 178 2596 die
201 2536 263 2646 die?
285 2534 438 2594 continuos
460 2535 588 2610 quinque
614 2534 721 2593 Caesar
739 2554 792 2612 pro
812 2537 912 2596 castris
932 2557 999 2598 suas
1021 2543 1120 2616 copias

132 2634 269 2711 produxit
297 2641 326 2690 et
353 2632 446 2690 aciem
473 2633 642 2690 instructam
669 2632 777 2704 habuit,
805 2644 845 2705 ut,
874 2637 897 2694 si
925 2639 1007 2696 vellet
1034 2640 1120 2697 Ario-

133 2735 222 2791 vistus
244 2729 354 2806 proelio
383 2731 568 2800 contendere,
590 2731 616 2788 ei
637 2739 767 2806 potestas
787 2751 849 2790 non
870 2735 990 2793 deesset.
1035 2738 1119 2795 Ario·
1135 2761 1163 2810 ²5

131 2833 220 2890 vistus
254 2829 299 2888 his
334 2829 470 2886 omnibus
506 2829 607 2888 diebus
642 2831 799 2888 exercitum
834 2833 934 2891 castris
969 2836 1118 2908 continuit,

133 2929 257 3004 equestri
276 2927 386 3003 proelio
408 2927 514 2985 cotidie
533 2928 690 2986 contendit.
734 2927 835 2988 Genus
849 2931 907 2988 hoc
921 2941 981 2989 erat
994 2951 1119 3008 pugnae,

134 3045 193 3102 quo
222 3045 253 3084 se
281 3025 420 3084 Germani
448 3035 641 3084 exercuerant.
685 3025 825 3103 Equitum
852 3029 929 3086 milia
956 3040 1037 3088 erant
1058 3050 1117 3101 sex,

133 3123 254 3182 totidem
276 3141 396 3181 numero
418 3123 529 3198 pedites
550 3124 723 3182 velocissimi
743 3144 777 3184 ac
805 3125 958 3198 fortissimi,
980 3146 1054 3203 quos
1083 3149 1119 3188 ex

133 3223 214 3280 omni
234 3221 318 3295 copia
339 3221 442 3297 singuli
463 3221 593 3297 singulos
615 3241 684 3282 suae
708 3223 806 3283 salutis
828 3243 916 3284 causa
937 3225 1116 3302 delegerant:
1133 3251 1165 3300 30

131 3339 201 3380 curn
228 3319 273 3377 his
300 3319 330 3376 in
357 3319 473 3394 proeliis
500 3321 693 3380 versabantur.
735 3321 784 3380 Ad
812 3340 863 3382 eos
891 3341 922 3380 se
943 3325 1053 3400 equites
1074 3345 1118 3386 re-

132 3418 295 3496 cipiebant:
330 3416 368 3488 hi,
397 3417 421 3474 si
448 3418 518 3492 quid
545 3428 605 3476 erat
634 3419 738 3490 durius,
768 3422 987 3492 concurrebant,
1016 3423 1041 3480 si
1068 3427 1117 3501 qui

130 3518 262 3593 graviore
283 3514 398 3574 vulnere
420 3525 540 3592 accepto
568 3533 645 3591 equo
673 3516 826 3590 deciderat,
850 3518 1118 3596 circumsistebant;
