2634 3914
126 252 222 341 347,
342 271 388 318 na
410 252 518 320 anino
542 269 692 321 clearco
715 253 825 321 corula.
852 273 896 322 vr.
1058 249 1118 346 i15

126 424 181 478 tur.
223 418 381 480 Obsidibus
405 421 550 498 imperatis
569 432 685 481 centum
703 421 758 481 hos
782 405 1120 484 Aeduis'eustodiendos

127 517 219 576 tradit.
260 517 375 576 Eodem
395 517 537 579 Carnutes
556 520 667 595 legatos
688 520 863 596 obsidesque
878 521 995 579 mittunt
1008 521 1052 580 usi
1069 522 1119 580 de·

126 615 324 690 precatoribus
338 614 448 687 Remis,
461 635 584 694 quorum
599 627 678 675 erant
692 617 722 674 in
737 617 886 676 clientela:
908 617 1011 677 eadem
1025 617 1120 676 serunt

126 730 276 788 responsa.
317 711 432 790 Peragit
465 715 618 773 concilium
653 713 760 773 Caesar
794 716 963 792 equitesque
997 717 1119 792 imperat

127 809 294 869 civitatibus.
339 818 368 870 5.
384 811 458 870 -Hac
485 821 565 889 parte
594 811 704 871 Galliae
732 823 836 888 pacata
859 823 936 872 totus
965 823 994 872 et
1021 823 1147 874 mentes

127 917 156 964 et
184 909 281 966 animo
316 908 346 967 in
373 909 480 967 bellum
515 909 708 968 Treverorum
736 920 765 968 et
795 910 971 986 Ambiorigis
1006 911 1117 969 insistit.

127 1005 302 1064 Cavarinum
316 1026 383 1066 curn
397 1008 525 1085 equitatu
540 1007 690 1066 Senonum
705 1026 804 1066 secum
822 1007 965 1083 proficisci
979 1009 1065 1078 iubet,
1080 1027 1119 1066 ne

126 1106 192 1181 quis
212 1115 261 1165 aut
282 1126 318 1166 ex
337 1106 420 1166 huius
435 1106 581 1164 iracundia
600 1115 648 1163 aut
669 1124 705 1163 ex
724 1123 769 1176 eo,
785 1105 864 1181 quod
884 1115 1035 1175 meruerat,
1049 1105 1119 1163 odio

128 1203 248 1263 civitatis
262 1215 358 1263 motus
372 1205 498 1262 exsistat.
540 1203 596 1262 His
607 1205 693 1261 rebus
714 1203 883 1274 constitutis,
899 1202 979 1278 quod
999 1221 1054 1280 pro
1069 1221 1119 1261 ex-

126 1299 239 1376 plorato
253 1303 377 1360 habebat
390 1301 588 1377 Ambiorigem
599 1302 710 1377 proelio
724 1317 786 1358 non
800 1318 864 1358 esse
879 1309 1117 1371 concertaturum,
1133 1323 1163 1358 10

126 1397 235 1474 reliqua
256 1401 317 1459 eius
338 1399 457 1458 consilia
471 1400 568 1457 animo
588 1399 843 1474 circumspiciebat.
884 1397 974 1455 Erant
988 1397 1118 1474 Menapii

126 1497 282 1574 propinqui
305 1497 475 1555 Eburonum
499 1497 613 1567 finibus,
637 1496 783 1572 perpetuis
807 1495 959 1570 paludibus
984 1495 1118 1571 silvisque

126 1595 236 1666 muniti,
251 1595 300 1670 qui
318 1596 369 1652 uni
382 1614 419 1653 ex
434 1594 527 1654 Gallia
541 1595 577 1652 de
591 1613 663 1670 pace
678 1594 715 1652 ad
730 1592 884 1652 Caesarem
905 1593 1016 1668 legatos
1033 1611 1118 1651 num-

127 1710 215 1768 quam
229 1693 374 1750 miserant.
417 1691 492 1751 Cum
506 1693 550 1750 his
565 1711 629 1750 esse
642 1692 799 1767 hospitium
815 1691 977 1767 Ambiorigi
992 1691 1099 1750 sciebat
1108 1711 1118 1763 ς
1205 1720 1211 1730 ,

126 1790 195 1847 item
209 1808 261 1866 per
275 1790 419 1849 Treveros
432 1791 544 1848 venisse
559 1789 713 1848 Germanis
726 1790 756 1846 in
771 1790 923 1848 amicitiam
933 1800 1115 1865 cognoverat.
1132 1809 1160 1858 15

126 1885 212 1945 Haec
231 1888 309 1964 prius
329 1886 368 1945 illi
387 1887 562 1946 detrahenda
583 1887 688 1946 auxilia
709 1887 888 1946 existimabat
910 1905 996 1962 quam
1021 1888 1116 1963 ipsum

125 1985 202 2044 bello
224 1985 385 2053 lacesseret,
409 2005 446 2045 ne
475 1987 626 2062 desperata
654 1986 744 2043 salute
768 1993 817 2043 aut
844 2003 875 2043 se
902 1985 933 2042 in
961 1984 1116 2060 Menapios

126 2083 245 2141 abderet
265 2094 314 2142 aut
336 2103 403 2142 cum
426 2083 657 2142 Transrhenanis
682 2083 821 2156 congredi
845 2091 1003 2158 cogeretur.
1045 2082 1117 2141 Hoc

126 2181 197 2240 inito
212 2181 332 2240 consilio
352 2183 440 2240 totius
460 2181 601 2241 exercitus
621 2182 828 2257 impedimenta
845 2181 883 2239 ad
903 2180 1064 2240 Labienum
1085 2181 1115 2238 in

127 2279 270 2338 Treveros
293 2280 378 2338 mittit
402 2281 531 2356 duasque
555 2279 683 2355 legiones
707 2279 745 2336 ad
769 2297 836 2336 eum
857 2278 1000 2354 proficisci
1021 2280 1114 2351 iubet;
1130 2299 1160 2336 ro

125 2379 188 2454 ipse
216 2395 283 2436 cum
310 2378 472 2452 legionibus
496 2377 636 2452 expeditis
661 2376 787 2452 quinque
815 2376 844 2433 in
869 2375 1024 2451 Menapios
1048 2395 1117 2453 pro-

126 2475 268 2534 ficiscitur.
310 2474 354 2532 Illi
373 2475 450 2532 nulla
464 2484 564 2533 coacta
577 2490 666 2532 manu
683 2473 739 2531 loci
753 2473 897 2549 praesidio
910 2471 974 2532 freti
988 2474 1018 2531 in
1032 2475 1117 2534 silvas

126 2572 305 2651 paludesque
320 2571 489 2647 confugiunt
508 2590 617 2648 suaque
635 2571 740 2629 eodem
754 2569 914 2629 conferunta
956 2577 986 2630 6.
1008 2572 1116 2632 Caesar

126 2670 236 2748 partitis
263 2670 354 2746 copiis
382 2682 448 2727 cum
477 2668 553 2727 Gaio
579 2668 672 2726 Fabio
698 2668 794 2743 legato
821 2678 850 2726 et
877 2668 980 2728 Marco
1008 2669 1115 2730 Crasso

126 2775 279 2844 quaestore
290 2765 473 2842 celeriterque
488 2765 597 2824 effectis
608 2765 744 2841 pontibus
755 2766 814 2824 adit
824 2767 972 2842 tripertito,
987 2768 1116 2828 aedificia
1131 2791 1160 2844 ²5

124 2867 263 2942 vicosque
289 2865 425 2936 incendit,
446 2882 555 2939 magno
579 2865 692 2941 pecoris
717 2873 802 2940 atque
822 2864 974 2923 hominum
994 2884 1116 2925 numero

125 2963 241 3040 potitur.
294 2962 408 3034 Quibus
439 2963 525 3020 rebus
558 2961 650 3019 coacti
683 2959 813 3036 Menapii
840 2961 952 3037 legatos
984 2964 1021 3021 ad
1048 2982 1116 3021 eum

126 3061 208 3138 pacis
227 3060 368 3136 petendae
388 3077 476 3118 causa
493 3059 620 3116 mittunt.
662 3057 713 3116 Ille
728 3059 877 3118 obsidibus
892 3061 1017 3136 acceptis
1035 3060 1115 3120 host-

125 3159 188 3216 ium
212 3175 243 3216 se
273 3157 435 3215 habiturum
462 3173 582 3214 numero
607 3156 767 3228 confirmat,
790 3157 816 3216 si
842 3167 892 3215 aut
915 3157 1116 3233 Ambiorigem

126 3266 177 3316 aut
200 3257 261 3315 eius
285 3255 396 3332 legatos
420 3256 525 3314 finibus
547 3256 606 3314 suis
632 3256 816 3331 recepissent.
857 3253 913 3314 His
939 3257 1115 3316 confirmatis
1129 3281 1162 3328 30

125 3355 213 3414 rebus
233 3353 400 3412 Commium
424 3353 590 3412 Atrebatem
605 3371 672 3410 cum
694 3354 821 3430 equitatu
845 3354 972 3412 custodis
995 3353 1061 3414 loco
1085 3356 1115 3414 in

127 3452 273 3529 Menapiis
287 3453 438 3529 relinquit3
460 3452 521 3527 ipse
535 3453 565 3509 in
580 3450 723 3509 Treveros
736 3451 932 3528 proficiscitur.

168 3555 198 3614 7.
219 3549 298 3609 Dum
316 3549 389 3611 haec
403 3567 421 3608 a
436 3548 560 3609 Caesare
579 3558 724 3624 geruntur,
739 3548 856 3610 Treveri
875 3549 988 3628 magnis
1007 3550 1115 3611 coactis

585 3661 631 3708 12
