2606 3934
188 193 229 258 60
530 211 558 258 c.
581 210 673 257 runrr
694 207 867 258 caesarem
1126 206 1172 250 111.

189 349 371 424 suscipienda
393 348 544 408 Gallorum
568 350 661 408 alacer
683 367 716 408 ac
741 357 892 425 promptus
917 356 960 406 est
988 347 1110 416 animus,
1134 345 1172 402 sic

188 447 282 504 mollis
303 451 337 505 ac
356 447 475 505 minime
493 448 628 506 resistens
642 448 680 506 ad
699 447 873 505 calamitates
893 445 1078 520 perferendas
1093 460 1171 500 mens

188 562 288 602 eorum
302 554 354 602 est.

229 649 283 702 20.
304 644 419 702 Eodem
432 643 492 702 sere
506 653 636 721 tempore
657 643 689 702 P.
712 644 841 714 Crassus,
857 661 924 701 cum
943 642 973 699 in
991 640 1171 717 Aquitaniam

161 766 175 814 5
189 741 374 816 pervenisset,
389 759 464 816 quae
478 760 554 816 pars,
569 751 600 798 ut
613 741 799 799 antedictum
814 750 865 811 est,
877 749 906 798 et
919 740 1072 814 regionum
1081 737 1171 795 latitu-

189 839 255 896 dine
284 848 312 896 et
338 839 518 897 multitudine
548 839 700 896 hominum
728 855 764 896 ex
794 839 874 896 tertia
902 847 982 912 parte
1011 836 1104 896 Gallia
1130 845 1172 893 est

189 936 375 1006 aestimanda,
387 954 454 993 cum
464 936 640 1010 intellegeret
650 937 680 992 in
694 936 728 994 iis
738 936 809 994 locis
820 936 874 994 sibi
888 936 995 994 bellum
1005 933 1171 1010 gerendum,

187 1033 237 1090 ubi
248 1033 346 1108 paucis
361 1043 426 1090 ante
441 1033 523 1091 annis
535 1032 568 1090 L.
579 1031 710 1090 Valerius
721 1032 917 1092 Praeconinus
927 1033 1038 1107 legatus
1049 1031 1172 1090 exercitu

187 1129 271 1205 pulso
294 1130 458 1189 interfectus
486 1140 569 1200 esset,
597 1139 683 1206 atque
710 1131 788 1188 unde
816 1130 849 1188 L.
875 1129 990 1188 Mallius
1017 1129 1172 1205 proconsul

146 1251 175 1285 10
187 1228 398 1304 impedimentis
423 1229 535 1286 amissis
558 1228 738 1305 profugisset,
760 1246 820 1285 non
841 1229 1017 1286 mediocrem
1039 1228 1093 1286 sibi
1112 1228 1171 1286 dili-

186 1325 314 1401 gentiam
342 1325 537 1383 adhibendam
564 1326 753 1401 intellegebat
803 1324 904 1400 Itaque
932 1343 963 1384 re
990 1324 1172 1383 frumentaria

186 1424 308 1498 provisa,
321 1424 432 1480 auxiliis
449 1423 633 1498 equitatuque
647 1433 823 1498 comparato,
839 1423 934 1480 multis
949 1433 1095 1498 praeterea
1108 1424 1172 1480 viris

186 1521 306 1579 sortibus
327 1521 439 1578 Tolosa
457 1530 486 1578 et
500 1520 646 1591 Narbone,
661 1539 735 1596 quae
754 1530 821 1578 sunt
840 1521 966 1578 civitates
981 1519 1091 1578 Galliae
1104 1538 1171 1595 pro·

186 1619 295 1676 vinciae
313 1618 448 1676 finitimae
459 1617 504 1676 his
522 1619 695 1692 regionibus,
710 1619 882 1676 nominatim
901 1619 1027 1676 evocatis
1046 1619 1076 1676 in
1097 1617 1171 1675 Son·

145 1719 288 1784 15tiatum
313 1717 383 1774 fines
406 1717 562 1774 exercitum
585 1717 749 1774 introduxit.
792 1717 882 1776 Cuius
907 1716 1031 1774 adventu
1054 1717 1172 1790 cognito

188 1814 331 1873 Sontiates
351 1814 465 1890 magnis
486 1815 576 1889 copiis
598 1815 705 1872 coactis
724 1816 916 1889 equitatuque,
938 1831 997 1889 quo
1017 1813 1173 1888 plurimum

185 1913 327 1982 valebant,
342 1911 372 1968 in
393 1913 491 1970 itinere
509 1931 615 1987 agmen
633 1920 765 1970 nostmm
782 1912 873 1970 adorti
894 1912 1019 1986 primum
1040 1922 1174 1986 equestre

185 2011 325 2085 proelium
356 2011 569 2080 commiserunt,
598 2010 702 2068 deinde
730 2011 857 2085 equitatu
887 2027 940 2066 suo
970 2009 1055 2084 pulso
1086 2019 1174 2086 atque

184 2109 399 2184 insequentibus
422 2109 528 2166 nostris
550 2109 644 2167 subito
665 2109 812 2184 pedestres
834 2108 942 2183 copias,
960 2125 1031 2182 quas
1051 2108 1081 2165 in
1100 2125 1174 2166 con-

141 2232 171 2266 20
184 2207 254 2264 valle
284 2207 315 2264 in
345 2206 455 2264 insidiis
488 2207 705 2276 collocaverant,
734 2207 929 2264 ostenderunt.
984 2205 1025 2264 Hi
1056 2217 1174 2266 nostros

184 2305 318 2362 disiectos
346 2304 439 2362 adorti
467 2305 607 2379 proelium
634 2314 814 2363 renovarunt.
868 2308 914 2361 21.
935 2303 1100 2378 Pugnatum
1129 2314 1176 2363 est

184 2402 233 2459 diu
247 2410 332 2476 atque
346 2403 454 2472 acriter,
470 2421 536 2460 cum
552 2401 694 2462 Sontiates
714 2402 907 2480 superioribus
921 2402 1045 2460 victoriis
1065 2401 1128 2460 freti
1142 2403 1176 2462 in

185 2519 237 2559 sua
271 2500 369 2557 virtute
397 2501 484 2558 totius
512 2500 684 2576 Aquitaniae
715 2501 835 2558 salutem
870 2501 994 2576 positam
1029 2510 1175 2575 putarent,

184 2599 274 2656 nostri
294 2607 399 2668 autem,
413 2599 483 2672 quid
497 2599 558 2656 sine
572 2599 744 2674 imperatore
764 2609 792 2656 et
806 2599 867 2655 sine
881 2598 995 2673 reliquis
1008 2598 1176 2674 legionibus

141 2721 169 2769 ²5
184 2695 397 2754 adulescentulo
417 2695 490 2754 duce
508 2696 619 2754 efficere
637 2705 766 2771 possent,
785 2696 909 2771 perspici
930 2707 1084 2770 cuperent:
1108 2707 1176 2755 tan-

184 2794 250 2854 dem
282 2793 405 2852 conlecti
433 2794 596 2852 vulneribus
627 2793 726 2852 hostes
757 2803 838 2869 terga
865 2802 981 2851 vertere.
1036 2793 1176 2864 Quorum

182 2907 290 2966 magno
311 2908 432 2948 numero
453 2890 602 2949 interfecto
625 2890 746 2948 Crassus
767 2908 804 2948 ex
822 2891 921 2948 itinere
939 2891 1079 2965 oppidum
1095 2891 1176 2950 Son-

99 3059 105 3068 ,
182 2990 282 3048 tiatum
293 3005 462 3063 oppugnare
477 2987 579 3062 coepit.
622 2986 734 3058 Quibus
745 2987 854 3046 fortiter
864 2988 1061 3046 resistentibus
1072 2991 1178 3050 vineas

181 3096 330 3162 turresque
349 3087 416 3160 egit.
458 3085 503 3142 Illi
523 3085 592 3143 alias
613 3086 762 3160 emptione
782 3095 929 3161 temptata,
945 3086 1013 3144 alias
1032 3089 1179 3148 cuniculis

137 3211 168 3261 30
182 3185 220 3242 ad
238 3201 375 3259 aggerem
393 3183 548 3258 vineasque
566 3184 636 3242 actis
657 3184 750 3256 (cuius
769 3185 810 3240 rei
827 3193 892 3240 sunt
906 3183 993 3258 longe
1006 3186 1179 3260 peritissimi

181 3280 326 3357 Aquitani,
354 3291 506 3356 propterea
533 3281 612 3355 quod
636 3281 733 3338 multis
760 3281 831 3340 locis
859 3281 937 3357 apud
964 3300 1015 3340 eos
1044 3285 1178 3344 aerariae

183 3388 310 3436 secturae
325 3379 414 3449 sunt),
429 3379 478 3435 ubi
494 3378 640 3454 diligentia
656 3389 821 3438 nostrorum
843 3381 912 3437 nihil
933 3381 976 3438 his
997 3381 1083 3439 rebus
1101 3400 1178 3457 pro·

182 3474 229 3533 lici
249 3491 336 3551 posse
357 3475 562 3548 intellexemnt,
584 3477 695 3552 legatos
716 3477 754 3536 ad
775 3477 912 3536 Crassum
939 3479 1055 3536 mittunt
1079 3497 1180 3556 seque
