2652 3928
181 217 240 280 168
348 275 350 280 .
499 229 529 280 c.
551 229 645 278 marr
666 229 839 278 causamn
1022 267 1025 278 ,
1109 235 1168 283 v11.

175 380 206 438 in
229 379 357 452 Helvios,
378 379 448 439 item
473 380 605 441 Rutenos¹
630 379 836 456 Cadurcosque
853 378 895 437 'ad
916 379 989 438 fines
1010 378 1168 438 Volcarum

177 477 416 536 Arecomicorum
445 477 665 555 depopulandos
693 477 786 535 mittit.
841 476 939 535 Nihilo
966 477 1062 536 minus
1089 479 1167 535 clan-

179 575 298 634 destinis
317 576 425 634 nuntiis
439 575 686 652 legationibusque
700 575 874 650 Allobrogas
888 575 1028 644 sollicitat,
1043 593 1168 650 quorum

177 683 290 732 mentes
324 673 457 732 nondum
491 675 528 732 ab
563 673 708 748 superiore
741 673 817 731 bello
850 673 991 730 resedisse
1024 672 1166 748 sperabat.

148 787 162 838 5
178 769 293 829 Horum
312 771 489 848 principibus
507 772 653 847 pecunias,
668 770 771 828 civitati
791 780 887 861 autem
908 770 1059 846 imperium
1079 771 1167 828 totius

177 868 341 942 provinciae
368 869 525 944 pollicetur.
578 875 632 927 65.
652 869 701 926 Ad
728 868 783 926 hos
811 886 913 926 omnes
941 885 1025 926 casus
1052 868 1168 944 provisa

176 975 257 1024 erant
279 967 422 1042 praesidia
446 966 608 1026 cohortium
630 967 754 1025 duarum
776 975 804 1024 et
825 965 932 1040 viginti,
950 983 1025 1041 quae
1046 983 1082 1022 ex
1102 965 1168 1040 ipsa

176 1063 323 1137 provincia
346 1065 383 1122 ab
407 1063 442 1124 L.
465 1063 590 1124 Caesare
612 1064 708 1140 legato
733 1063 771 1122 ad
792 1081 894 1122 omnes
919 1073 1013 1138 partes
1034 1079 1166 1138 oppone·

175 1159 287 1219 bantur.
329 1160 424 1219 Helvii
445 1179 497 1220 sua
518 1171 622 1238 sponte
643 1179 710 1220 cum
731 1161 857 1219 finitimis
879 1160 989 1236 proelio
1017 1158 1167 1234 congressi

133 1274 163 1310 10
176 1259 319 1333 pelluntur
338 1270 366 1318 et
380 1259 456 1320 Gaio
475 1260 591 1320 Valerio
612 1259 813 1332 Domnotauro,
829 1259 935 1318 Caburi
954 1259 1021 1330 filio,
1036 1257 1166 1335 principe

176 1356 303 1428 civitatis,
332 1358 586 1434 compluribusque
618 1359 678 1416 aliis
710 1357 865 1416 interfectis
890 1357 966 1415 intra
995 1355 1103 1432 oppida
1130 1372 1166 1412 ac

175 1470 273 1512 muros
308 1455 526 1530 compelluntur.
567 1455 743 1534 Allobroges
773 1455 880 1514 crebris
915 1454 953 1512 ad
986 1453 1166 1512 Rhodanum

176 1551 321 1626 dispositis
348 1547 498 1628 praesidiis*
531 1571 639 1628 magna
671 1571 738 1611 cum
764 1571 833 1611 cura
864 1562 893 1611 et
921 1551 1068 1627 diligentia
1094 1568 1165 1609 suos

175 1646 247 1706 fines
261 1658 384 1709 tuentur.
427 1648 543 1722 Caesar,
557 1651 637 1726 quod
656 1650 755 1710 hostes
773 1653 900 1726 equitatu
921 1649 1081 1725 superiores
1100 1665 1165 1706 esse

132 1761 161 1809 15
175 1745 357 1822 intellegebat
376 1755 404 1805 et
423 1747 582 1807 interclusis
596 1748 732 1806 omnibus
750 1747 896 1806 itineribus
911 1747 988 1804 nulla
1001 1765 1032 1805 re
1046 1763 1083 1803 ex
1097 1762 1165 1821 pro-

119 1881 122 1887 ·
175 1843 267 1901 vincia
297 1853 383 1920 atque
414 1844 498 1904 Italia
530 1847 670 1904 sublevari
702 1855 822 1922 poterat,
854 1855 933 1903 trans
964 1843 1100 1902 Rhenum
1134 1843 1165 1899 in

176 1938 363 2000 Germaniam
383 1945 470 2001 mittit
490 1943 527 2002 ad
547 1963 597 2002 eas
618 1944 752 2014 civitatee,
774 1959 846 2017 quas
867 1937 1059 2017 superioribus
1080 1939 1165 1998 annis

174 2049 335 2112 pacaverat,
364 2041 532 2116 equitesque
559 2042 596 2099 ab
624 2041 668 2099 his
700 2041 818 2098 arcessit
849 2049 878 2097 et
905 2039 974 2097 levis
1004 2047 1165 2097 armaturae

174 2136 294 2212 pedites
309 2137 358 2214 qui
377 2140 449 2196 inter
467 2157 519 2198 eos
532 2139 664 2216 proeliari
679 2147 859 2196 consuerant.
899 2136 1011 2194 Eorum
1030 2137 1163 2205 adventu,

129 2251 162 2286 20
175 2233 255 2308 quod
282 2235 378 2294 minus
411 2237 523 2295 idoneis
554 2237 636 2313 equis
663 2237 823 2305 utebantur,
852 2253 870 2292 a
896 2234 1015 2292 tribunis
1042 2233 1165 2291 militum

174 2332 347 2409 reliquisque
368 2334 420 2392 sed
441 2344 469 2393 et
489 2336 631 2410 equitibus
652 2333 794 2392 Romanis
815 2340 901 2408 atque
925 2331 1051 2390 evocatis
1073 2347 1165 2406 equos

174 2430 261 2488 sumit
278 2429 489 2507 Germanisque
509 2433 657 2492 distribuit.

215 2533 269 2586 66.
290 2527 413 2603 Interea,
446 2529 516 2587 dum
550 2529 622 2588 haec
657 2537 802 2606 geruntur,
829 2527 957 2586 hostium
991 2527 1094 2602 copiae
1128 2544 1165 2585 ex

174 2623 310 2684 Arvernis
335 2628 511 2703 equitesque,
540 2629 589 2704 qui
612 2629 665 2686 toti
688 2627 799 2686 Galliae
824 2635 905 2684 erant
929 2625 1067 2701 imperati,
1093 2641 1164 2682 con-

131 2741 159 2791 ²5
174 2722 297 2780 veniunt.
340 2723 451 2802 Magno
479 2725 582 2784 horum
610 2735 712 2784 coacto
744 2741 874 2794 numer0,
896 2741 963 2781 cum
996 2722 1104 2782 Caesar
1133 2723 1165 2781 in

175 2816 325 2894 Sequanos
350 2839 402 2898 per
426 2832 570 2881 extremos
594 2822 763 2897 Lingonum
790 2821 863 2896 fines
890 2820 944 2877 iter
966 2817 1081 2892 faceret,
1104 2837 1164 2896 quo

173 2914 284 2976 facilius
319 2919 478 2977 subsidium
511 2919 675 2996 provinciae
709 2918 774 2977 ferri
806 2927 914 2994 posset,
946 2918 1056 2976 circiter
1085 2917 1165 2974 milia

175 3035 315 3094 passuum
344 3017 445 3076 decem
470 3019 507 3076 ab
536 3017 677 3076 Romanis
704 3017 785 3076 trinis
816 3017 916 3075 castris
944 3015 1164 3091 Vercingetorix

129 3110 134 3128 ⁸
173 3113 304 3172 consedit
338 3116 560 3190 convocatisque
595 3115 633 3173 ad
661 3115 815 3173 concilium
849 3112 1000 3190 praelectis
1034 3113 1163 3188 equitum

129 3235 161 3282 30
172 3211 284 3270 venisse
298 3221 412 3287 tempus
433 3213 567 3271 victoriae
582 3212 766 3271 demonstrat.
810 3211 922 3288 Fugere
935 3212 966 3270 in
984 3211 1163 3287 provinciam

175 3308 327 3368 Romanos
344 3308 494 3386 Galliaque
514 3311 661 3369 excedere.
703 3310 740 3369 ld
753 3310 807 3368 sibi
822 3311 859 3369 ad
873 3318 1054 3387 praesentem
1068 3311 1163 3369 obtin·

174 3406 280 3464 endam
307 3406 466 3465 libertatem
495 3409 562 3467 satis
591 3426 670 3482 esse;
701 3408 739 3467 ad
765 3409 865 3485 reliqui
893 3409 1031 3485 temporis
1058 3428 1163 3486 pacem

174 3511 259 3578 atque
281 3493 371 3560 otium
392 3520 494 3578 parum
515 3506 630 3581 profici:
658 3507 813 3568 maioribus
835 3509 912 3568 enim
937 3508 1044 3568 coactis
1070 3509 1163 3585 copiis
