2634 3914
158 216 293 301 15-18.
373 231 419 279 ns
440 231 550 280 narro
574 231 724 280 arrrrco
747 231 856 280 sonu.
882 233 943 282 νη.
1086 239 1145 306 143

153 379 214 437 fieri
228 379 319 452 vellet,
333 379 502 456 imperabat.
546 381 651 442 Omnis
668 391 780 442 nostras
793 382 993 458 pabulationes
1007 381 1145 441 frument-

153 477 323 552 ationesque
341 480 511 537 observabat
530 480 742 556 dispersosque,
760 499 827 539 cum
845 481 959 555 longius
980 482 1144 540 necessario

152 575 349 650 procederent,
373 577 556 635 adoriebatur
582 595 748 654 magnoque
776 579 964 636 incommodo
993 577 1143 649 afficiebat,

152 673 215 742 etsi,
244 682 384 748 quantum
414 674 524 732 radone
555 675 698 750 provideri
728 684 849 750 poterat,
884 677 922 733 ab
954 676 1060 734 nostris
1094 694 1143 734 oc·

152 770 325 842 currebatur,
355 779 388 829 ut
421 771 538 830 incertis
573 773 750 847 temporibus
785 773 961 850 diversisque
995 773 1170 844 itineribus5

150 867 245 926 iretur.

191 971 237 1026 17.
259 965 367 1024 Castris
390 965 427 1025 ad
451 985 516 1024 eam
538 977 651 1044 partem
674 967 775 1045 oppidi
799 967 901 1044 positis
925 968 1040 1039 Caesar,
1066 986 1141 1045 quae

149 1061 313 1120 intermissa
326 1079 344 1120 a
357 1063 475 1121 flumine
490 1074 520 1122 et
533 1081 550 1123 a
564 1066 717 1140 paludibus
730 1066 849 1136 aditum,
861 1075 892 1124 ut
907 1084 993 1142 supra
1008 1067 1140 1138 diximus,

150 1171 306 1236 angustum
326 1161 458 1232 habebat,
480 1179 617 1237 aggerem
637 1181 785 1240 apparare,
805 1164 903 1222 vineas
930 1181 1024 1240 agere,
1050 1174 1141 1223 turres

151 1257 224 1316 duas
242 1258 414 1316 constituere
433 1261 545 1335 coepit:
566 1279 636 1318 nam
655 1261 864 1319 circumvallare
884 1261 941 1318 loci
957 1271 1059 1319 natura
1072 1280 1140 1337 pro·
1157 1287 1186 1321 10

149 1355 273 1414 hibebat.
316 1355 362 1414 De
382 1375 413 1414 re
433 1356 617 1416 immentaria
638 1358 728 1417 Boios
748 1367 835 1436 atque
856 1359 975 1417 Aeduos
996 1359 1141 1418 adhortari

150 1471 212 1513 non
230 1453 351 1514 destitit:
372 1471 497 1530 quorum
515 1456 603 1527 alteri,-
618 1457 698 1533 quod
716 1457 795 1516 nullo
814 1457 908 1515 studio
928 1458 1060 1532 agebant,
1078 1475 1139 1516 non

149 1553 272 1611 multum
297 1552 480 1623 adiuvabant,
505 1553 585 1612 alteri
608 1573 672 1613 non
699 1555 814 1630 magnis
841 1555 1032 1626 facultatibus,
1060 1555 1141 1632 quod

149 1651 247 1709 civitas
262 1659 322 1708 erat
333 1651 438 1725 exigua
452 1660 481 1708 et
501 1650 625 1724 infirma,
638 1652 773 1723 celeriter,
790 1653 870 1729 qnod
885 1652 1052 1725 habuerunt,
1071 1671 1140 1712 con-

148 1757 341 1825 sumpserunt
384 1747 504 1806 Summa
539 1749 702 1808 difficultate
735 1751 777 1808 rei
806 1749 1008 1809 frumentariae
1036 1751 1140 1810 affecto
1156 1773 1184 1822 15

148 1847 275 1905 exercitu
292 1845 429 1904 tenuitate
448 1845 595 1918 Boiorum,
613 1847 793 1922 indiligentia
806 1847 984 1918 Aeduorum,
999 1849 1140 1908 incendiis
1220 1839 1225 1849 ⁴

149 1944 353 2014 aedificiorum,
373 1961 467 2018 usque
488 1961 524 2002 eo
545 1954 577 2002 ut
599 1945 763 2020 complures
787 1946 848 2004 dies
871 1945 1015 2004 frumento
1036 1948 1140 2006 milites

149 2043 291 2100 caruerint
307 2051 336 2100 et
356 2059 462 2118 pecore
484 2057 520 2099 ex
537 2042 787 2118 longinquioribus
800 2042 871 2102 vi'cis
890 2043 993 2102 adacto
1014 2055 1139 2124 extrem·

148 2159 197 2198 am
217 2139 324 2198 samem
346 2148 544 2220 sustentarent,
566 2141 644 2199 nulla
665 2150 762 2199 tamen
782 2159 838 2200 vox
862 2151 904 2200 est
925 2143 963 2199 ab
982 2143 1017 2200 iis
1042 2143 1138 2200 audita

148 2238 249 2315 populi
273 2237 400 2298 Romani
424 2239 574 2296 maiestate
596 2247 624 2296 et
646 2239 839 2314 superioribus
862 2239 985 2298 victoriis
1009 2239 1135 2314 indigna.
1153 2267 1184 2301 ιο

148 2336 329 2408 Quinetiam
345 2331 452 2394 Caesar
469 2349 536 2394 cum
549 2337 579 2394 in
593 2353 680 2412 opere
695 2337 822 2412 singulas
836 2336 965 2412 legiones
982 2337 1138 2413 appellaret

148 2443 185 2504 et,
211 2434 235 2492 si
260 2433 390 2492 acerbius
413 2433 543 2509 inopiam
567 2433 681 2505 ferrent,
703 2452 733 2492 se
759 2434 946 2494 dimissurum
973 2446 1137 2511 oppugnat-

147 2534 245 2590 ionem
273 2531 389 2603 diceret‚
417 2533 543 2590 universi
570 2533 607 2590 ab
639 2549 683 2607 en,
711 2551 748 2592 ne
779 2531 814 2590 id·
839 2531 954 2603 faceret,
983 2535 1134 2610 petebant:

147 2632 189 2689 sic
228 2647 259 2688 se
298 2629 463 2704 complures
497 2645 592 2688 annos
630 2631 679 2688 illo
718 2630 877 2706 inperante
917 2633 1065 2702 meruisse,
1105 2641 1136 2690 nt

147 2728 255 2786 nullam
277 2727 467 2804 ignominiam
488 2729 658 2804 acciperent,
678 2747 822 2805 nusquam
843 2729 949 2788 infecta
969 2749 1000 2788 re
1022 2731 1135 2790 disced·
1151 2755 1179 2805 25

145 2835 243 2884 erent:
278 2825 335 2884 hoc
361 2843 392 2884 se
420 2826 596 2902 ignominiae
623 2827 730 2887 laturos
757 2827 832 2901 loco,
857 2829 881 2886 si
908 2829 1054 2904 inceptam
1082 2847 1135 2905 op-

146 2923 355 2999 pugnationem
382 2922 579 2998 reliquissent:
607 2934 752 3000 praestare
780 2943 883 2984 omnes
907 2925 1032 3002 perferre
1057 2943 1136 2984 acer-

145 3021 258 3092 bitates,
281 3037 369 3095 quam
397 3037 458 3078 non
486 3021 593 3080 civibus
621 3021 770 3094 Romanis
800 3023 849 3100 qui
877 3023 989 3082 Cenabi
1016 3023 1135 3098 perfidia

146 3119 295 3178 Gallorum
315 3119 485 3189 interissent,
500 3128 692 3195 parentarcnt.
734 3119 818 3178 Haec
839 3121 942 3179 eadem
963 3121 1135 3179 centurioni·

144 3217 200 3275 bus
214 3217 391 3292 tribunisque
410 3217 531 3274 militurn
546 3217 729 3288 mandabant,
745 3227 776 3276 ut
795 3233 912 3294 percos
927 3219 963 3277 ad
978 3218 1134 3278 Caesarem
1148 3243 1179 3292 30

144 3313 329 3372 deferrentur.
370 3320 418 3373 18.
441 3313 516 3372 Cum
537 3315 596 3372 iam
617 3333 700 3374 muro
724 3325 815 3374 turres
843 3317 1133 3394 appropinquassent,

143 3431 180 3470 ex
210 3411 329 3487 captivis
358 3410 466 3470 Caesar
498 3413 634 3487 cognovit
661 3412 930 3490 Vercingetorigem
958 3428 1133 3492 consumpto

142 3509 251 3590 pabulo
271 3518 363 3568 eastra
382 3511 507 3568 mouisse
528 3512 647 3588 propius
668 3511 822 3570 Avaricum
844 3522 930 3591 atque
949 3514 1044 3591 ipsum
1066 3531 1132 3574 curn
