2634 3914
188 210 248 273 106
510 223 538 272 c.
562 223 657 270 rumr
677 222 852 272 cursuum
1145 222 1179 272 u.

185 371 318 442 abducat,
340 389 399 448 qua
425 370 478 430 sibi
504 371 557 430 scit
577 372 630 430 iter
651 371 822 431 faciendum.
866 370 970 430 Scribit
993 369 1134 441 Labieno,
1155 371 1181 428 si

184 469 360 545 reipublicae
386 469 544 528 commodo
564 469 659 527 facere
683 479 793 544 posset,
815 487 883 528 cum
907 469 1021 546 legione
1045 469 1084 528 ad
1107 469 1180 526 fines

184 567 359 626 Nerviorum
376 569 479 626 veniat.
523 567 677 644 Reliquam
695 576 807 643 partem
826 568 976 638 exercitus,
995 568 1075 644 quod
1091 567 1180 644 paulo

184 666 282 723 aberat
291 664 415 740 longius,
425 683 485 723 non
494 673 576 740 putat
584 665 822 740 exspectandam;
834 665 945 742 equites
955 665 1065 723 circiter
1073 663 1180 740 quadr-

154 761 319 838 iiugentos
343 781 378 820 ex
403 761 542 838 proximis
566 761 692 820 hibernis
717 763 834 838 colligit.
887 768 938 823 4⁷.
960 762 1045 821 Hora
1068 761 1180 820 circiter

184 859 267 917 tertia
294 860 331 916 ab
356 858 588 917 antecursoribus
616 857 653 916 de
678 857 777 917 Crassi
805 860 930 918 adventu
955 859 1058 918 certior
1086 857 1179 916 factus

183 974 220 1015 eo
240 956 287 1014 die
307 956 386 1014 milia
402 973 545 1032 passuum
563 971 606 1012 xx
624 956 763 1032 procedit.
805 955 944 1016 Crassum
959 955 1179 1015 Samarobrivae

183 1055 311 1130 praeficit
334 1054 538 1130 legionemque
566 1054 701 1124 attribuit,
726 1053 806 1129 quod
830 1055 870 1112 ibi
894 1054 1103 1130 impedimenta
1126 1071 1178 1110 ex-

183 1153 295 1224 ercitus,
320 1151 440 1211 obsides
466 1151 624 1223 civitatum,
653 1151 759 1210 litteras
784 1152 914 1228 publicas
942 1152 1178 1226 frumentumque

140 1269 169 1303 10
183 1268 278 1322 omne,
303 1250 384 1327 quod
407 1267 444 1308 eo
468 1248 635 1308 tolerandae
661 1249 765 1308 hiemis
784 1268 878 1309 causa
906 1250 1067 1320 devexerat,
1091 1248 1178 1307 relin-

183 1349 296 1425 quebat.
337 1331 452 1417 Fabius,
471 1355 503 1404 ut
520 1347 693 1421 imperatum
715 1357 782 1419 erat,
803 1348 923 1406 nonita
942 1347 1064 1406 multum
1080 1363 1177 1404 mora-

183 1456 228 1505 tus
239 1446 272 1503 in
286 1445 386 1504 itinere
400 1462 467 1503 cum
481 1443 595 1518 legione
610 1444 740 1502 occurrit
782 1443 929 1504 Labienus
947 1445 1063 1504 interitu
1077 1443 1177 1502 Sabini

183 1555 211 1604 et
225 1544 314 1604 caede
329 1543 491 1602 cohortium
506 1543 631 1618 cognita,
646 1560 713 1601 curn
727 1562 830 1603 omnes
844 1545 882 1603 ad
896 1563 963 1604 eum
982 1544 1178 1603 Treverorum

183 1643 284 1718 copiae
305 1641 458 1711 venissent,
477 1640 591 1710 veritus,
611 1641 636 1699 si
656 1659 693 1699 ex
710 1640 839 1701 bibernis
857 1641 943 1719 fugae
965 1643 1088 1701 similem
1108 1659 1176 1717 pro-

139 1741 338 1802 15fectionem
364 1738 488 1807 fecisset,
515 1747 547 1796 ut
574 1737 702 1796 hostium
729 1738 871 1814 impetum
897 1740 1039 1799 sustinere
1066 1748 1176 1816 posset,

183 1838 350 1915 praesertim
370 1855 444 1914 quos
461 1837 569 1895 recenti
582 1837 700 1895 victoria
713 1837 808 1895 efferri
827 1840 920 1910 sciret,
932 1839 1042 1898 litteras
1058 1838 1178 1897 Caesari

182 1937 307 2007 remittit,
322 1945 431 2013 quanto
446 1953 513 1994 cum
524 1934 655 2010 periculo
670 1935 817 2009 legionem
831 1955 868 1994 ex
882 1936 1008 1995 hibernis
1022 1937 1177 1995 educturus

182 2043 266 2104 esset,
285 2051 349 2092 rem
373 2042 487 2108 gestam
514 2031 545 2089 in
568 2031 754 2091 Eburonibus
778 2034 937 2108 perscribit,
962 2033 1048 2092 docet
1071 2051 1177 2091 omnes

182 2133 324 2209 equitatus
338 2131 540 2208 peditatusque
555 2130 655 2205 copias
670 2129 865 2190 Treverorum
879 2132 933 2190 tria
944 2131 1024 2189 milia
1036 2149 1177 2207 passuum

138 2251 168 2286 ao
181 2229 269 2305 longe
290 2230 327 2287 ab
349 2229 408 2287 suis
428 2228 530 2287 castris
552 2227 728 2286 consedisse.
771 2234 825 2288 48.
848 2227 956 2287 Caesar
972 2229 1094 2287 consilio
1113 2229 1176 2286 eius

180 2329 313 2404 probato,
341 2327 395 2385 etsi
422 2326 562 2402 opinione
589 2325 674 2382 trium
704 2325 853 2401 legionum
881 2326 1010 2384 deiectus
1037 2326 1074 2384 ad
1102 2326 1177 2384 duas

181 2425 312 2495 redierat,
327 2435 425 2482 tamen
439 2441 531 2481 unum
545 2423 709 2480 communis
723 2423 821 2482 salutis
836 2423 972 2481 auxilium
989 2423 1019 2480 in
1033 2423 1176 2482 celeritate

181 2524 317 2598 ponebat.
358 2521 447 2580 Venit
466 2520 580 2597 magnis
600 2520 748 2580 itineribus
767 2522 797 2579 in
816 2520 989 2580 Nerviorum
1006 2522 1087 2581 fines.
1129 2523 1175 2581 Ibi

183 2639 218 2678 ex
233 2619 351 2694 captivis
370 2619 529 2694 cognoscit,
544 2636 618 2694 quae
637 2618 716 2692 apud
729 2617 903 2676 Ciceronem
916 2629 1053 2694 gerantur
1071 2630 1175 2695 quant·

138 2737 167 2786 ²5
182 2735 259 2794 oque
277 2717 308 2774 in
327 2716 454 2792 periculo
472 2734 518 2774 res
537 2716 580 2774 sit.
623 2717 703 2774 Tum
722 2716 839 2774 cuidam
859 2733 896 2774 ex
916 2717 1059 2792 equitibus
1083 2715 1174 2776 Gallis

182 2815 295 2892 magnis
325 2815 460 2890 praemiis
490 2814 653 2890 persuadet,
681 2813 723 2871 uti
750 2813 788 2872 ad
816 2812 988 2873 Ciceronem
1020 2815 1173 2891 epistolam

181 2913 297 2971 deferat
339 2911 427 2970 Hanc
448 2911 567 2970 Graecis
587 2912 782 2986 conscriptam
802 2911 902 2970 litteris
919 2913 1012 2984 mittit,
1032 2931 1073 2971 ne,
1087 2913 1173 2971 inter·

181 3021 264 3086 cepta
291 3009 413 3086 epistola
443 3019 542 3068 nostra
573 3011 610 3067 ab
641 3009 772 3067 hostibus
800 3009 920 3068 consilia
947 3020 1172 3086 cognoscantur.

182 3109 212 3168 si
235 3108 313 3166 adire
337 3125 398 3166 non
423 3108 524 3182 possit,
544 3117 652 3178 monet,
676 3118 708 3165 ut
732 3108 873 3182 tragulam
898 3125 965 3165 oum
989 3108 1112 3184 epistola
1134 3110 1172 3168 ad

135 3222 167 3270 30
180 3215 327 3265 amentum
348 3205 473 3280 deligata
493 3205 567 3262 intra
587 3205 778 3262 munitionem
799 3214 959 3263 castrorum
980 3206 1092 3264 abiciat.
1135 3206 1171 3264 In

179 3304 277 3362 litteris
299 3302 397 3362 scribit
417 3320 449 3360 se
469 3321 536 3360 cum
555 3302 717 3378 legionibus
736 3302 897 3378 profectum
916 3302 1044 3361 celeriter
1063 3303 1169 3374 affore;

178 3402 315 3470 hortatur,
335 3409 368 3458 ut
391 3401 541 3475 pristinam
562 3401 695 3458 virtutem
719 3401 846 3458 retineat.
889 3399 989 3458 Gallus
1011 3400 1169 3477 periculum

179 3499 292 3569 veritus,
316 3507 347 3556 ut
375 3507 435 3556 erat
460 3508 657 3576 praeceptum,
685 3497 826 3574 tragulam
852 3498 945 3556 mittit.
988 3497 1073 3558 Haec
1100 3517 1169 3558 casu
