2634 3914
185 209 321 294 23-26.
397 225 443 272 nn
464 223 573 272 narro
595 222 744 272 caturco
768 221 876 272 coum.
904 223 951 272 Vr.
1112 219 1172 289 125

183 370 235 430 suit
256 383 341 431 antea
359 382 481 450 tempus,
503 393 570 434 cum
591 373 754 433 Germanos
777 371 853 431 Galli
873 371 974 428 virtute
996 377 1172 444 superarent,

182 470 257 528 ultro
271 471 345 529 bella
363 471 507 544 inferrent,
522 481 640 548 propter
659 471 809 529 hominum
826 468 1038 526 multitudinem
1053 466 1172 542 agrique

182 567 310 644 inopiam
343 578 422 628 trans
454 569 591 628 Rhenum
623 569 752 627 colonias
784 569 936 626 mitterent.
991 564 1092 642 Itaque
1127 582 1171 634 ea,

182 682 257 740 quae
279 665 451 725 fertilissima
475 666 648 726 Germaniae
673 675 748 737 sunt,
772 667 837 724 loca
861 666 969 723 circum
993 662 1171 738 Hercyniam

181 763 290 834 silvam,
305 783 393 842 quam
411 764 594 823 Eratostheni
608 774 637 822 et
649 764 822 841 quibusdam
842 762 961 821 Graecis
979 761 1056 818 sama
1069 768 1198 848 notamt
1256 789 1259 802 v

181 877 245 918 esse
269 862 361 932 video,
386 880 474 939 quam
498 863 536 920 illi
563 861 720 938 Orcyniam
748 860 903 936 appellant,
927 859 1038 918 Volcae
1062 849 1193 916 Tecto-¹

182 975 266 1034 sages
290 968 504 1035 occupavemnt
525 969 611 1037 atque
631 961 671 1018 ibi
695 959 906 1030 consederunt3
938 975 1011 1034 quae
1036 974 1108 1034 gens
1133 955 1171 1014 ad

180 1053 238 1114 hoc
262 1065 376 1133 tempus
398 1057 443 1128 his
468 1058 583 1116 sedibus
612 1062 674 1116 se'se
699 1058 827 1116 continet
855 1073 1055 1132 summamque
1083 1054 1171 1112 habet

180 1154 302 1214 iustitiae
334 1165 361 1214 et
395 1157 514 1216 bellicae
548 1157 640 1216 laudis
675 1157 851 1232 opinionem.
894 1155 989 1226 Nunc,
1025 1155 1104 1231 quod
1139 1155 1169 1212 in

180 1252 283 1311 eadem
310 1255 417 1330 inopia,
447 1264 573 1330 egestate
601 1255 794 1331 patientiaque
823 1253 963 1313 Germani
990 1262 1168 1330 permanent,
1185 1274 1214 1309 10

181 1352 286 1410 eodem
306 1353 380 1410 victu
403 1361 432 1411 et
452 1353 529 1411 cultu
550 1354 678 1428 corporis
705 1362 830 1424 utuntur,
860 1351 951 1410 Gallis
978 1360 1075 1408 autem
1102 1370 1170 1427 pro·

180 1449 337 1508 vinciarum
368 1450 567 1526 propinquitas
597 1461 627 1509 et
658 1451 911 1508 transmarinarum
941 1467 1037 1506 rerum
1068 1450 1169 1508 notitia

180 1547 269 1606 multa
290 1549 328 1606 ad
352 1549 467 1624 copiam
491 1557 577 1624 atque
601 1567 671 1606 usus
696 1549 822 1624 largitur,
851 1548 989 1624 paulatim
1017 1547 1168 1606 assuefacti

180 1647 307 1722 superari
326 1647 480 1722 multisque
499 1647 564 1704 victi
578 1646 694 1722 proeliis
712 1665 749 1704 ne
768 1665 799 1705 se
821 1646 939 1723 quidem
958 1647 1014 1722 ipsi
1034 1645 1168 1704 cumillis

179 1745 280 1802 virtute
301 1754 480 1821 comparant.
1183 1762 1212 1810 Ι5

222 1845 273 1898 25.
306 1838 404 1896 Huius
432 1837 596 1914 Hercyniae
625 1838 718 1910 silvae,
746 1856 822 1914 quae
850 1857 937 1915 supra
971 1838 1168 1897 demonstrata

179 1946 231 2004 est,
252 1936 373 1994 latitudo
395 1953 502 1994 novem
523 1935 634 1993 diemm
654 1937 707 1993 iter
732 1935 867 2012 expedito
889 1945 983 2012 patet:
1008 1939 1169 1995 nonenim

179 2037 259 2094 aliter
291 2035 364 2092 finiri
398 2044 502 2110 potest,
534 2053 629 2112 neque
663 2053 814 2093 mensuras
849 2035 983 2092 itinerum
1017 2046 1167 2094 noverunt.

180 2135 276 2194 Oritur
297 2135 334 2192 ab
357 2133 556 2192 Helvetiorum
577 2143 605 2192 et
622 2132 778 2192 Nemetum
800 2142 828 2192 et
842 2134 1038 2192 Rauracorum
1062 2136 1167 2195 finibus

178 2243 312 2308 rectaque
327 2231 452 2290 fluminis
469 2231 594 2290 Danuvii
611 2232 729 2306 regione
743 2231 864 2307 pertinet
882 2233 919 2290 ad
934 2231 1005 2290 fines
1019 2232 1166 2292 Dacorum
1182 2250 1212 2284 ²0

178 2340 207 2388 et
226 2329 377 2388 Anartium
387 2349 395 2401 ;
417 2329 485 2388 hinc
505 2347 536 2388 se
554 2328 642 2387 flectit
661 2329 838 2388 sinistrorsus
859 2330 977 2390 diversis
994 2332 1031 2388 ab
1048 2331 1167 2390 flumine

177 2429 344 2503 regionibus
355 2427 567 2501 multarumque
581 2428 709 2503 gentium
721 2427 793 2486 lines
807 2439 923 2504 propter
938 2411 1167 2505 magnitudinem

177 2525 305 2600 attingit3
330 2541 426 2598 neque
447 2524 600 2599 quisquam
621 2533 665 2582 est
685 2524 770 2584 huius
792 2524 973 2597 Germaniae,
996 2528 1045 2604 qui
1066 2546 1096 2586 se
1118 2538 1167 2586 aut

176 2623 271 2681 adisse
299 2622 337 2680 ad
364 2622 476 2679 initium
504 2622 565 2680 eius
592 2622 677 2680 silvae
706 2623 790 2694 dicat,
816 2643 882 2682 cum
911 2625 1021 2684 dierum
1049 2627 1101 2684 iter
1127 2643 1166 2684 ux

176 2721 354 2796 processerit,
380 2728 437 2790 aut,
458 2736 518 2794 quo
543 2737 579 2778 ex
603 2719 669 2776 loco
695 2719 809 2791 oriatur,
832 2723 990 2798 acceperit;
1019 2723 1165 2798 multaque
1180 2741 1210 2792 ²5

175 2820 206 2875 in
228 2837 262 2876 ea
282 2835 389 2893 genera
410 2817 534 2874 ferarum
555 2817 635 2874 nasci
656 2828 778 2887 constat,
800 2838 874 2895 quae
900 2821 1015 2896 reliquis
1039 2821 1070 2877 in
1093 2821 1165 2880 locis
1209 2802 1211 2808 i

174 2917 236 2975 visa
255 2933 316 2974 non
337 2917 409 2988 sint;
435 2934 471 2974 ex
492 2916 596 2990 quibus
618 2933 691 2992 quae
711 2918 837 2976 maxime
858 2918 990 2977 differant
1009 2920 1046 2976 ab
1064 2921 1166 2979 ceteris

174 3023 204 3073 et
224 3015 380 3072 memoriae
401 3013 551 3089 prodenda
571 3013 727 3085 videantur,
749 3015 821 3074 haec
843 3027 917 3077 sunt.
959 3023 1009 3074 26.
1031 3017 1085 3075 Est
1108 3019 1165 3077 bos

175 3113 249 3171 cervi
271 3112 369 3188 figura,
392 3113 472 3170 cuius
496 3131 514 3170 a
534 3112 630 3170 media
650 3112 743 3172 fronte
764 3114 837 3172 inter
859 3133 941 3173 aures
961 3133 1051 3172 unum
1073 3133 1166 3174 cornu

174 3211 283 3268 exsistit
307 3210 447 3268 excelsius
470 3212 621 3286 magisque
646 3211 784 3270 directum
808 3212 861 3283 his,
887 3231 961 3289 quae
985 3213 1069 3271 nobis
1094 3223 1209 3280 nota30

174 3317 252 3378 sunt,
271 3309 422 3366 comibus:
451 3309 488 3366 ab
509 3309 569 3366 eius
591 3327 705 3367 summo
728 3311 801 3369 sicut
821 3311 934 3386 palmae
954 3311 1081 3386 ramique
1106 3310 1162 3368 late

174 3403 379 3464 diffunduntur.
419 3404 532 3462 Eadem
554 3414 598 3463 est
617 3405 740 3464 feminae
761 3409 905 3483 marisque
930 3416 1039 3476 natura,
1061 3406 1162 3464 eadem

173 3500 265 3576 [orma
279 3503 508 3581 magnitudoque
522 3521 672 3562 cornuum.
715 3503 788 3562 Sunt
802 3505 878 3578 item,
895 3523 968 3584 quae
983 3504 1162 3582 appellantur
