2652 3928
146 225 281 287 10-14.
369 222 416 270 nn
437 222 547 270 narro
571 221 722 271 cararoo
745 222 856 271 contr.
885 223 960 272 vrrr.
1075 205 1133 290 189

144 369 237 429 dianis
256 369 386 445 equitum
404 381 570 431 nostrorum
584 371 761 431 silvestribus
780 372 852 431 locis
871 371 990 430 insidias
1002 371 1134 447 'dispon-

142 477 196 525 unt
223 468 387 545 eodemque
414 469 525 545 equites
554 479 672 545 postero
700 470 746 528 die
774 471 897 541 mittunt,
916 469 975 545 qui
1004 470 1134 545 primum

142 564 277 624 elicerent
317 577 443 641 nostros,
492 567 597 626 deinde
639 568 851 626 circumventos
898 568 1132 644 aggrederentur.

142 659 234 720 Cuius
261 663 329 721 mali
351 682 414 722 sors
442 664 542 722 incidit
566 663 677 734 Remis
701 665 807 740 quibus
833 664 881 722 ille
909 664 971 722 dies
993 663 1133 744 fungendi

142 760 269 818 muneris
304 761 467 820 obvenerat.
510 759 646 838 Namque
680 762 717 832 hi,
754 781 820 820 curn
854 771 973 839 repente
1005 760 1161 825 hostium5

142 858 253 932 equites
291 859 563 918 animadvertissent
599 879 633 918 ac
672 878 795 918 numero
832 861 998 936 superiores
1032 859 1132 936 pauci·

142 964 231 1012 tatem
252 957 504 1032 contempsissent,
526 957 659 1033 cupidius
680 957 802 1016 insecuti
831 959 978 1034 peditibus
1004 957 1132 1032 undique

142 1060 210 1109 sunt
246 1053 422 1114 circumdati.
473 1052 542 1125 Quo
564 1051 647 1113 'lacto
680 1055 837 1131 perturbati
872 1054 1002 1124 celerius,
1042 1071 1132 1130 quam

141 1150 322 1209 consuetudo
342 1150 396 1209 sert
410 1152 550 1228 equestris
571 1151 681 1228 proelii,
701 1171 732 1211 se
752 1161 922 1228 receperunt
936 1152 1044 1210 amisso
1060 1151 1132 1210 Ver-

140 1247 226 1317 tisc0,
256 1248 387 1324 principe
417 1249 547 1320 civitatis,
574 1249 721 1324 praefecto
739 1250 887 1326 equitum3
927 1251 976 1325 qui
1004 1267 1071 1306 curn
1086 1251 1132 1306 vix
1149 1271 1179 1309 ιο

141 1362 218 1421 equo
239 1356 358 1421 propter
377 1356 501 1405 aetatem
519 1357 620 1423 posset
636 1347 686 1418 uti,
708 1356 806 1404 tamen
825 1347 1033 1406 consuetudine
1053 1346 1132 1404 Gall-

140 1459 224 1499 orum
244 1460 339 1518 neque
360 1444 461 1502 aetatis
483 1444 670 1502 excusatione
690 1444 721 1501 in
746 1443 931 1520 suscipienda
955 1441 1133 1519 praefectura

140 1557 210 1598 usus
231 1549 291 1599 erat
310 1559 404 1618 neque
419 1542 548 1600 dimicari
566 1542 627 1599 sine
652 1559 683 1600 se
705 1541 841 1600 voluerat.
884 1540 1024 1599 Inflantur
1045 1550 1132 1616 atque

140 1638 294 1697 incitantur
314 1640 440 1699 hostium
461 1641 551 1698 animi
571 1642 701 1699 secundo
719 1640 839 1716 proeli0,
859 1640 989 1715 principe
1007 1649 1036 1698 et
1049 1657 1131 1715 prae·

139 1735 218 1794 secto
234 1736 396 1796 Remorum
410 1738 569 1809 interfect0,
585 1739 733 1815 nostrique
749 1738 923 1796 detrimento
938 1737 1132 1795 admonentur
1145 1767 1176 1816 15

141 1833 304 1910 diligentius
318 1836 471 1912 exploratis
486 1837 557 1896 locis
579 1837 718 1896 stationes
733 1836 886 1912 disponere
905 1854 940 1896 ac
955 1835 1131 1894 moderatius

140 1931 292 1991 cedentem
318 1935 430 2010 insequi
458 1935 581 1995 hostem.
635 1940 680 1993 13.
703 1933 773 1992 Non
800 1934 991 1992 intermittunt
1018 1933 1131 1990 interim

140 2029 283 2088 cotidiana
300 2032 408 2106 proelia
427 2034 457 2090 in
476 2042 638 2108 conspectu
659 2041 847 2107 utrorumque
865 2041 1034 2101 castrorum,
1056 2049 1130 2106 quae

140 2126 178 2186 ad
207 2128 280 2186 vada
314 2130 505 2206 transitusque
540 2130 647 2190 fiebant
681 2128 801 2205 paludis.
844 2127 911 2200 Qua
945 2129 1130 2186 contentione

141 2222 287 2296 Germani,
318 2244 393 2302 quos
421 2237 575 2303 propterea
600 2226 708 2286 Caesar
734 2226 898 2285 traduxerat
926 2225 1072 2298 Rhenum,
1099 2239 1129 2285 ut
1145 2255 1176 2289 20

139 2323 282 2398 equitibus
299 2324 458 2400 interpositi
479 2325 694 2401 proeliarentur,
717 2342 783 2383 cum
803 2324 983 2382 constantius
1004 2325 1129 2383 universi

139 2420 275 2497 paludem
294 2423 463 2481 transissent
484 2423 641 2499 paucisque
662 2423 861 2484 resistentibus
882 2409 1039 2480 interfectis
1063 2442 1127 2499 per-

139 2517 260 2577 tinacius
276 2519 415 2594 reliquam
429 2519 641 2577 multitudinem
655 2530 752 2578 essent
766 2519 897 2590 insecuti,
911 2521 1051 2595 perterriti
1066 2539 1128 2579 non

139 2616 234 2674 solum
259 2617 288 2687 ii,
316 2618 365 2694 qui
393 2627 442 2676 aut
474 2619 638 2676 comminus
671 2617 909 2694 oppriinebantur
936 2627 985 2676 aut
1012 2619 1127 2678 eminus

139 2715 366 2786 vulnerabantur,
386 2717 438 2775 sed
457 2717 552 2787 etiam,
569 2717 619 2792 qui
636 2716 750 2792 longius
769 2716 919 2775 subsidiari
941 2729 1126 2789 consuerant,
1143 2739 1171 2793 ²5

138 2813 257 2889 turpiter
283 2813 449 2890 refugerunt
476 2831 537 2890 nec
555 2814 634 2889 prius
659 2814 747 2872 finem
772 2813 858 2890 fugae
882 2814 1012 2874 fecerunt
1040 2834 1126 2890 saepe

138 2911 252 2969 arnissis
276 2912 470 2987 superioribus
494 2911 575 2981 locis,
600 2929 689 2986 quam
714 2929 744 2970 se
770 2921 820 2970 aut
839 2912 869 2968 in
890 2921 984 2971 castra
1009 2929 1128 2971 suorum

137 3009 310 3084 reciperent,
329 3019 378 3067 aut
398 3008 529 3067 nonnulli
550 3008 662 3084 pudore
684 3009 777 3067 coacti
797 3009 913 3085 longius
932 3009 1127 3085 profugerent.

138 3104 272 3177 Quorum
293 3106 420 3182 periculo
439 3106 479 3164 sic
493 3124 597 3164 omnes
619 3107 721 3182 copiae
740 3115 807 3164 sunt
827 3109 1016 3182 perturbatae,
1035 3118 1066 3166 ut
1081 3109 1126 3167 vix

137 3204 255 3262 iudicari
275 3214 382 3279 posset,
402 3213 498 3262 utrum
520 3203 654 3262 secundis
678 3204 864 3280 minimisque
889 3205 974 3262 rebus
998 3205 1126 3264 insolen-
1142 3232 1173 3281 30

137 3301 233 3372 tiores,
263 3319 301 3359 an
329 3301 449 3360 adverso
478 3301 617 3360 mediocri
645 3320 715 3360 casu
742 3303 902 3361 timidiores
931 3313 1036 3362 essent.
1079 3311 1125 3363 14.

137 3398 343 3475 Compluribus
357 3401 457 3459 diebus
471 3399 564 3457 isdem
582 3401 612 3457 in
633 3401 731 3458 castris
752 3400 940 3475 consumptis,
956 3419 1022 3458 cum
1039 3420 1126 3479 prop-

136 3496 180 3555 ius
218 3497 374 3558 accessisse
407 3497 538 3574 legiones
576 3507 604 3556 et
640 3495 746 3556 Gaium
780 3497 962 3557 Trebonium
999 3499 1126 3576 legatum
