2634 3914
158 217 292 292 14-ιό.
369 230 415 276 ua
437 229 545 277 narro
569 227 718 279 oararco
741 219 850 279 coum
877 233 922 282 vr.
1085 217 1142 282 rai

155 374 238 436 multi
265 371 502 455 indisciplinam
530 381 704 439 conveniunt
731 391 760 439 et
787 401 805 440 a
833 383 999 459 parentibus
1027 382 1145 458 propin-

154 477 277 552 quisque
292 477 449 536 mittuntur.
491 477 635 552 Magnum
649 479 688 535 ibi
705 497 858 537 numerum
872 498 1005 538 versuum
1019 481 1145 538 ediscere

155 575 295 631 dicuntur.
337 575 439 650 Itaque
458 593 552 632 annos
570 575 702 633 nonnulli
722 577 838 635 vicenos
858 577 888 634 in
909 578 1060 654 disciplina
1082 595 1144 652 per·

154 680 281 729 manent.
324 671 427 747 Neque
455 673 500 730 fas
527 691 591 731 esse
619 673 783 731 existimant
810 693 845 732 ea
872 675 970 732 litteris
998 674 1144 744 mandare,

155 787 222 826 cum
243 769 273 826 in
298 770 414 845 reliquis
439 769 498 828 fere
526 772 620 840 rebus,
641 771 763 846 publicis
788 773 962 848 privatisque
986 773 1173 830 rationibus5

155 865 274 924 Graecis
288 867 387 924 litteris
400 877 523 925 utantur.
567 866 602 925 Id
616 868 686 924 mihi
703 868 815 927 duabus
831 869 866 927 de
881 870 975 927 causis
990 868 1145 928 instituisse

154 963 292 1034 videntur,
319 965 399 1040 quod
422 983 516 1039 neque
543 964 574 1021 in
598 965 715 1040 vulgum
740 965 918 1040 disciplinam
943 966 1035 1024 efferri
1059 965 1145 1022 velint

155 1079 249 1137 neque
274 1081 334 1132 eos,
363 1064 413 1140 qui
440 1063 562 1132 discunt,
588 1063 685 1121 litteris
710 1063 838 1122 confisos
865 1065 961 1122 minus
987 1064 1145 1122 memoriae

156 1161 284 1232 studere;
308 1162 388 1236 quod
407 1162 465 1219 fere
484 1163 627 1237 plerisque
647 1161 757 1233 accidit,
777 1173 807 1220 ut
825 1163 970 1239 praesidio
989 1163 1144 1220 litterarum

155 1258 329 1333 diligentiam
344 1260 374 1316 in
385 1261 576 1335 perdiscendo
589 1278 622 1317 ac
636 1261 806 1318 memoriam
820 1261 973 1318 remittant.
1010 1260 1144 1336 Imprim·
1161 1261 1191 1310 1'0

155 1356 179 1413 is
202 1355 259 1414 hoc
278 1357 378 1415 volunt
397 1358 577 1433 persuadere,
597 1375 658 1415 non
678 1357 791 1416 interire
810 1359 930 1428 animas,
952 1358 1004 1416 sed
1025 1359 1062 1416 ab
1083 1358 1144 1439 aliis

155 1465 222 1530 post
235 1465 359 1513 mortem
373 1457 493 1514 transire
508 1457 545 1514 ad
560 1456 640 1527 alios,
652 1466 737 1531 atque
751 1455 812 1515 hoc
822 1457 947 1514 maxime
961 1457 999 1516 ad
1013 1457 1145 1515 virtutem

155 1553 271 1610 excitari
292 1563 402 1629 putant,
423 1563 503 1612 metu
524 1554 623 1611 mortis
645 1553 786 1628 neglecto.
828 1553 921 1612 Multa
941 1564 1087 1630 praeterea
1108 1555 1145 1612 de

156 1649 294 1708 sideribus
309 1661 394 1727 atque
405 1670 506 1709 eorum
516 1661 607 1722 motu,
619 1653 655 1709 de
669 1653 770 1710 mundi
784 1671 818 1710 ac
832 1663 970 1710 terrarum
983 1653 1146 1728 magnitud«

155 1747 211 1817 ine,
227 1748 263 1806 de
276 1767 371 1807 rerum
386 1761 495 1820 natura,
512 1750 548 1806 de
563 1749 682 1807 deorum
696 1749 900 1808 immortalium
914 1751 941 1808 vi
955 1769 989 1808 ac
1003 1759 1145 1826 potestate
1162 1765 1190 1814 15

156 1845 302 1921 disputant
316 1857 344 1904 et
357 1849 495 1906 iuventuti
512 1849 633 1906 tradunt.
677 1853 723 1906 15.
745 1847 876 1906 Alterum
894 1867 987 1923 genus
1007 1857 1050 1906 est
1068 1849 1146 1924 equi-

156 1954 224 2002 tum.
268 1945 317 2016 Hi,
333 1965 400 2004 cum
420 1956 463 2004 est
482 1964 550 2004 usus
571 1955 656 2020 atque
675 1946 792 2021 aliquod
810 1947 917 2003 bellum
936 1945 1035 2005 incidit
1054 1945 1146 2025 (quod

155 2041 214 2100 iere
233 2051 299 2100 ante
319 2042 450 2101 Caesaris
469 2044 623 2100 adventum
644 2043 798 2118 quotannis
818 2043 947 2100 accidere
967 2044 1086 2114 solebat,
1104 2045 1145 2101 uti

156 2149 205 2198 aut
223 2140 278 2214 ipsi
297 2141 413 2199 iniurias
432 2141 568 2198 inferrent
586 2150 635 2197 aut
653 2140 743 2197 illatas
758 2141 979 2216 propulsarent),
995 2159 1098 2200 omnes
1116 2142 1147 2198 in
1186 2181 1191 2192 .

156 2237 231 2295 bello
250 2249 406 2309 versantur,
422 2247 507 2314 atque
522 2255 623 2296 eorum
637 2248 668 2296 ut
683 2238 804 2314 quisque
818 2247 862 2296 est
876 2257 982 2314 genere
996 2239 1146 2315 copiisque
1161 2257 1191 2291 πο

156 2337 357 2412 amplissimus,
383 2339 422 2396 ita
445 2337 584 2412 plurimos
610 2338 717 2395 circum
741 2355 772 2395 se
796 2339 945 2395 ambactos
970 2338 1146 2415 clientesque

155 2437 250 2496 habet.
294 2435 382 2494 Hanc
406 2455 495 2493 unam
519 2437 640 2511 gratiam
664 2437 881 2511 potentiamque
906 2447 1056 2495 noverunt.
1097 2443 1145 2496 16.

155 2534 244 2594 Natio
272 2544 316 2592 est
344 2531 439 2591 omnis
464 2532 612 2591 Gallorum
640 2521 798 2591 admodum
826 2535 923 2592 dedita
949 2535 1146 2610 religionibus,

154 2644 242 2710 atque
267 2634 306 2691 ob
331 2650 394 2690 eam
419 2649 536 2689 causam
557 2632 606 2706 qui
630 2642 696 2688 sunt
717 2631 811 2690 affecti
835 2633 1012 2708 gravioribus
1036 2634 1145 2692 morbis

155 2733 263 2808 quique
287 2731 317 2788 in
342 2729 457 2806 proeliis
482 2729 671 2804 periculisque
696 2741 852 2800 versantur,
874 2741 922 2789 aut
946 2749 1000 2806 pro
1024 2731 1144 2790 victimis
1160 2743 1188 2792 ²5

154 2829 287 2888 homines
305 2828 455 2886 immolant
471 2837 519 2884 aut
533 2845 564 2885 se
582 2827 781 2886 immolaturos
795 2839 899 2886 vovent
913 2829 1144 2905 administrisque

154 2929 194 2987 ad
215 2947 249 2986 ea
273 2927 411 2985 sacrificia
435 2925 582 2982 druidibus
605 2935 730 2996 utuntur,
752 2927 840 3001 quod,
862 2945 915 3002 pro
940 2927 996 2984 vita
1019 2926 1145 2985 hominis

155 3027 210 3085 nisi
231 3025 356 3084 hominis
375 3025 432 3082 vita
452 3023 594 3093 reddatur,
614 3041 675 3080 non
693 3040 780 3098 posse
800 3025 920 3082 deorum
941 3024 1144 3082 immortalium

155 3143 265 3184 numen
302 3123 408 3198 placari
446 3122 623 3192 arbitrantur,
659 3121 832 3198 publiceque
866 3122 996 3179 eiusdem
1030 3115 1144 3196 generis

155 3223 263 3280 habent
282 3221 409 3278 instituta
430 3218 575 3276 sacrificia.
617 3219 673 3275 Alii
688 3219 805 3276 immani
827 3220 1025 3295 magnitudine
1046 3220 1143 3278 simul·
1158 3232 1190 3280 30

155 3337 222 3378 acra
251 3319 367 3388 habent,
399 3335 522 3391 quorum
557 3325 692 3374 contexta
725 3317 877 3374 viminibus
911 3319 1041 3375 membra
1075 3319 1144 3377 vivis

155 3417 322 3474 hominibus
341 3415 503 3490 complent;
530 3415 633 3490 quibus
657 3415 802 3472 succensis
823 3415 1008 3472 circumventi
1028 3415 1144 3474 flamma

157 3515 357 3573 exanimantur
378 3513 516 3571 homines.
559 3511 706 3588 Supplicia
729 3528 836 3583 eorum,
863 3513 912 3588 qui
939 3512 970 3570 in
995 3512 1070 3570 furto
1096 3524 1145 3572 aut
