2606 3934
189 170 227 247 18
407 196 412 202 ·
507 196 534 248 c.
557 198 649 246 rurrr
669 194 840 245 cassinis
1147 192 1172 244 1.

188 361 306 402 omnem
325 345 481 422 equitatum
500 346 637 404 amisisse.
681 345 793 416 Quibus
815 341 931 419 proeliis
950 337 1173 400 calamitatibus-

189 459 245 518 que
269 442 384 514 fractos‚
404 445 453 520 qui
476 454 504 504 et
524 463 576 504 sua
597 445 698 501 virtute
721 453 750 501 et
771 441 872 518 populi
897 439 1024 500 Romani
1045 438 1174 513 hospitio

189 551 273 618 atque
298 542 421 601 amicitia
442 543 596 619 plurimum
616 552 682 600 ante
704 542 734 598 in
752 539 845 598 Gallia
866 539 1035 614 potuissent,
1055 546 1174 595 coactos

190 651 253 697 esse
282 639 423 715 Sequanis
450 639 567 698 obsides
596 640 663 697 dare
684 638 880 696 nobilissimos
908 635 1028 693 civitatis
1050 642 1079 691 et
1101 633 1175 690 iure·

164 735 311 794 siurando
340 737 481 795 civitatem
508 737 695 812 obstringere,
724 753 787 793 sese
816 751 910 809 neque
931 732 1049 791 obsides
1070 729 1175 805 repeti-

190 844 271 892 turos
306 853 400 910 neque
436 835 572 891 auxilium
605 853 622 891 a
654 833 764 908 populo
800 831 937 890 Romano
970 829 1174 904 imploraturos

191 949 286 1006 neque
305 940 493 1001 recusaturos
508 949 567 1006 quo
588 931 683 988 minus
700 939 838 1005 perpetuo
859 929 914 986 sub
931 927 1044 984 illorum
1059 926 1176 983 dicione

192 1038 278 1102 atque
304 1028 425 1104 imperio
453 1037 556 1086 essent.
612 1027 712 1085 Unum
740 1045 771 1084 se
799 1033 863 1084 esse
891 1043 927 1082 ex
955 1023 1036 1082 omni
1065 1023 1177 1080 civitate

193 1127 370 1196 Aeduorum,
390 1126 439 1202 qui
457 1126 562 1184 adduci
583 1143 644 1184 non
660 1125 793 1201 potuerit,
817 1132 850 1182 ut
872 1123 978 1180 iuraret
1000 1131 1049 1180 aut
1071 1121 1177 1178 liberos

150 1241 181 1278 10
193 1241 260 1282 suos
278 1224 393 1282 obsides
411 1223 499 1282 daret.
542 1222 589 1282 Ob
607 1240 672 1280 eam
690 1240 752 1280 rem
774 1239 805 1280 se
823 1239 859 1278 ex
882 1221 994 1278 civitate
1013 1219 1178 1295 profugisse

193 1331 222 1380 et
242 1321 369 1379 Romam
389 1321 427 1380 ad
447 1331 579 1379 senatum
599 1321 711 1378 venisse
731 1318 868 1378 auxilium
888 1317 1074 1394 postulatum,
1098 1317 1179 1392 quod

193 1420 271 1478 solus
295 1438 390 1495 neque
417 1419 599 1476 iureiurando
624 1437 719 1494 neque
746 1418 896 1476 obsidibus
924 1425 1076 1474 teneretur.
1121 1414 1179 1472 Sed

194 1519 275 1593 peius
302 1517 458 1576 victoribus
488 1516 629 1592 Sequanis
657 1533 744 1591 quam
771 1513 882 1572 Aeduis
916 1513 997 1570 victis
1030 1511 1178 1580 accidisse,

195 1622 346 1690 propterea
373 1613 453 1687 quod
487 1613 654 1684 Ariovistus,
682 1630 733 1670 rex
767 1611 989 1679 Germanorum,
1017 1609 1047 1666 in
1078 1627 1180 1667 eorum

152 1728 181 1777 15
195 1713 299 1769 finibus
332 1711 508 1768 consedisset
537 1710 705 1784 tertiamque
739 1719 852 1785 partem
879 1708 940 1782 agri
968 1706 1102 1782 Sequani,
1131 1706 1181 1781 qui

195 1818 271 1866 esset
284 1808 410 1884 optimus
428 1809 515 1866 totius
535 1807 654 1877 Galliae,
672 1806 872 1883 occupavisset
888 1814 917 1864 et
938 1823 1016 1862 nunc
1036 1805 1072 1862 de
1093 1805 1181 1862 altera

194 1916 275 1984 parte
302 1906 384 1964 tertia
412 1905 563 1980 Sequanos
595 1904 736 1962 decedere
767 1904 884 1973 iuberet,
915 1913 1069 1978 propterea
1101 1902 1181 1977 quod

196 2003 294 2079 paucis
318 2003 465 2060 mensibus
488 2012 554 2060 ante
583 2001 737 2060 Harudum
764 2001 843 2058 milia
869 2000 1021 2058 hominum
1049 2017 1117 2058 xxnr
1145 1998 1183 2058 ad

195 2118 261 2159 eum
279 2100 431 2170 venissent,
446 2099 548 2175 quibus
566 2099 648 2158 locus
672 2117 706 2157 ae
722 2099 805 2156 sedes
827 2107 1002 2174 pararentur.
1043 2097 1182 2154 Futurum

153 2219 183 2255 ro
195 2219 258 2258 esse
279 2199 378 2274 paucis
400 2199 491 2268 annis,
513 2199 554 2256 uti
575 2217 677 2256 omnes
698 2217 734 2256 ex
756 2197 865 2256 Galliae
886 2197 991 2254 finibus
1011 2196 1184 2271 pellerentur

196 2306 280 2372 atque
307 2314 411 2354 omnes
439 2294 577 2354 Germani
604 2295 742 2354 Rhenum
772 2296 941 2352 transirent:
976 2313 1070 2370 neque
1106 2295 1185 2352 enim

197 2394 405 2452 conferendum
424 2411 488 2452 esse
508 2393 654 2453 Gallicum
673 2412 740 2452 cum
760 2393 972 2452 Germanorum
993 2411 1073 2468 agro,
1088 2411 1185 2468 neque

196 2494 273 2552 hanc
301 2493 540 2550 consuetudinem
561 2493 652 2550 victus
677 2510 743 2550 curn
769 2492 816 2550 illa
843 2491 1078 2568 comparandam.
1120 2492 1185 2548 Ari-

197 2591 322 2649 ovistum
342 2598 447 2658 autern,
467 2596 499 2644 ut
519 2588 609 2647 semel
636 2587 784 2647 Gallorum
814 2589 912 2664 copias
940 2589 1050 2664 proelio
1078 2589 1186 2657 vicerit,

154 2688 279 2765 a5quod
313 2686 455 2762 proelium
499 2685 606 2744 factum
647 2687 683 2746 sit
721 2686 948 2762 Magetobrigae‚
990 2688 1113 2762 superbe
1156 2696 1188 2744 et

199 2784 350 2843 crudeliter
381 2784 530 2858 imperare,
558 2783 674 2841 obsides
706 2784 875 2841 nobilissimi
910 2784 1047 2858 cuiusque
1079 2784 1188 2842 liberos

200 2899 322 2958 poscere
350 2890 379 2939 et
405 2881 435 2937 in
462 2899 514 2938 eos
541 2881 639 2938 omnia
666 2881 798 2956 exempla
819 2881 1017 2956 cruciatusque
1045 2881 1138 2951 edere,
1161 2882 1188 2938 si

200 2996 258 3056 qua
279 2996 325 3036 res
347 2995 408 3035 non
429 2977 466 3035 ad
487 2989 589 3034 nutum
609 2987 657 3035 aut
678 2977 715 3035 ad
742 2978 918 3035 voluntatem
947 2979 1009 3036 eius
1037 2977 1113 3036 faeta
1141 2978 1186 3035 sit.

200 3075 362 3133 Hominem
395 3093 458 3132 esse
488 3074 651 3144 barbarum,
683 3074 860 3144 iracundum,
889 3076 1089 3146 temerarium3
1124 3093 1190 3132 non

157 3197 189 3246 30
201 3189 288 3247 posse
323 3171 384 3229 eius
417 3172 538 3247 imperia
571 3171 675 3230 diutius
708 3173 856 3230 sustinere.
898 3172 963 3230 Nisi
994 3173 1018 3231 si
1051 3173 1122 3248 quid
1156 3173 1190 3230 in

202 3268 326 3327 Caesare
357 3269 523 3344 populoque
555 3268 691 3327 Romano
727 3270 763 3327 sit
796 3270 899 3340 auxilii,
928 3271 1062 3328 omnibus
1095 3269 1191 3329 Gallis

202 3364 279 3424 idem
308 3382 371 3422 esse
403 3365 575 3435 faciendum,
604 3367 684 3441 quod
718 3365 843 3423 Helvetii
875 3367 1001 3437 fecerint,
1033 3376 1065 3424 ut
1096 3366 1190 3424 domo

200 3461 350 3538 emigrent,
379 3463 456 3523 aliud
484 3462 669 3535 domicilium,
698 3463 767 3522 alias
796 3463 886 3535 sedes,
914 3474 1040 3524 remotas
1068 3483 1086 3524 a
1114 3462 1192 3522 Ger·
