2652 3928
163 214 301 283 37-41.
370 211 415 259 DE
437 211 547 259 BELLO
570 209 721 260 GALLICO
745 211 855 260 COMM.
882 214 958 264 VIII.
1095 219 1154 268 201

161 363 360 421 exanimatum
379 380 485 439 corpus
505 361 598 421 securi
616 361 753 423 feriretur.
796 367 850 421 39.
872 361 918 420 Ibi
933 361 1040 422 crebris
1059 361 1158 421 litteris

163 459 278 518 Caninii
306 457 338 518 fit
365 460 477 530 certior,
505 478 580 534 quae
613 459 649 518 de
680 459 829 536 Drappete
857 469 886 522 et
913 459 1047 518 Lucterio
1075 470 1158 536 gesta

163 566 269 629 essent,
293 575 409 634 quoque
430 557 461 615 in
482 558 605 617 consilio
626 565 811 616 remanerent
831 557 980 633 oppidani.
1023 556 1158 628 Quorum

163 655 217 713 etsi
247 655 421 730 paucitatem
453 655 669 726 contemnebat,
702 664 801 712 tamen
831 654 1019 730 pertinaciam
1050 671 1158 729 magna

163 770 260 828 poena
284 770 348 812 esse
376 753 557 811 afficiendam
585 753 740 824 iudicabat,
762 771 800 810 ne
824 753 957 811 universa
978 751 1073 811 Gallia
1096 761 1184 814 non⁵

164 851 219 909 sibi
241 850 315 910 vires
339 849 465 910 defuisse
490 851 528 910 ad
551 849 745 910 resistendum
770 849 922 921 Romanis,
945 849 998 908 sed
1021 859 1156 908 constan-

163 949 234 1006 tiam
257 957 378 1024 putaret,
400 966 473 1008 neve
497 947 555 1008 hoc
579 948 715 1022 exemplo
738 956 849 1006 ceterae
875 947 1002 1006 civitates
1025 946 1157 1006 locorum

164 1047 376 1122 opportunitate
414 1047 503 1105 fretae
543 1065 574 1105 se
593 1045 772 1104 vindicarent
810 1046 842 1103 in
881 1044 1051 1116 libertatem,
1090 1061 1157 1102 cum

164 1145 301 1202 omnibus
332 1143 423 1204 Gallis
454 1155 557 1204 notum
588 1162 652 1204 esse
684 1144 768 1202 sciret
802 1143 942 1220 reliquam
973 1161 1037 1201 esse
1067 1159 1157 1200 unam

163 1251 303 1308 aestatem
334 1261 403 1301 suae
435 1243 609 1319 provinciae,
637 1260 726 1318 quam
757 1241 782 1299 si
814 1241 954 1299 sustinere
985 1239 1156 1316 potuissent,
1172 1266 1201 1300 ιο

164 1340 274 1398 nullum
304 1340 377 1399 ultra
411 1341 570 1417 periculum
604 1349 775 1398 vererentur.
817 1337 918 1414 Itaque
946 1336 984 1409 Q.
1014 1337 1156 1396 Calenum

128 1459 132 1464 ·
163 1437 291 1514 legatum
315 1457 382 1498 cum
405 1438 567 1515 legionibus
591 1438 713 1514 reliquit,
737 1437 788 1512 qui
811 1437 893 1496 iustis
916 1436 1064 1495 itineribus
1088 1434 1156 1493 sub·

164 1546 345 1611 sequeretur3
369 1537 432 1613 ipse
450 1554 517 1594 cum
536 1537 617 1594 omni
637 1535 767 1610 equitatu
786 1551 876 1611 quam
893 1543 989 1611 potest
1009 1532 1156 1593 celerrime

163 1635 203 1692 ad
224 1633 379 1694 Caninium
400 1635 558 1694 contendit.
600 1639 654 1692 40.
678 1632 755 1691 Cum
779 1641 881 1691 contra
908 1631 1156 1708 exspectationem

163 1732 295 1790 omnium
323 1731 431 1792 Caesar
461 1731 679 1790 Uxellodunum
706 1731 832 1790 venisset
859 1730 1058 1806 oppidumque
1086 1745 1199 1804 ope-15

162 1831 241 1888 ribus
256 1830 385 1888 clausum
399 1828 638 1888 animadverteret
656 1847 751 1904 neque
771 1829 808 1887 ab
822 1827 1042 1904 oppugnatione
1060 1827 1157 1886 recedi

162 1927 271 1986 videret
291 1927 349 1987 ulla
367 1927 540 1988 condicione
559 1945 655 2002 posse,
673 1945 781 2002 magna
800 1935 897 1985 autem
916 1925 1002 2000 copia
1020 1923 1157 1983 frumenti

161 2025 309 2086 abundare
329 2026 492 2102 oppidanos
514 2043 550 2084 ex
571 2024 698 2101 perfugis
720 2033 886 2100 cognosset,
906 2041 982 2098 aqua
1002 2022 1156 2100 prohibere

161 2123 278 2183 hostem
291 2133 431 2200 temptare
445 2123 550 2200 coepit.
593 2123 716 2181 Flumen
735 2123 865 2180 infimam
884 2121 987 2179 vallem
1002 2120 1155 2191 dividebat,

162 2240 236 2297 quae
257 2231 349 2282 totum
373 2239 466 2299 paene
487 2231 619 2281 montem
639 2222 783 2296 cingebat,
804 2221 835 2278 in
858 2237 918 2296 quo
942 2219 1070 2296 positum
1094 2225 1155 2276 erat
1170 2236 1200 2272 πο

161 2330 348 2397 praeruptum
374 2321 503 2396 undique
530 2319 671 2395 oppidum
702 2317 927 2378 Uxellodunum.
972 2315 1041 2376 Hoc
1075 2334 1155 2374 aver-

161 2426 222 2476 tere
245 2418 303 2476 loci
324 2427 426 2477 natura
449 2417 639 2494 prohibebat;
668 2415 699 2474 in
720 2415 827 2473 infimis
848 2415 927 2472 enim
948 2414 990 2472 sic
1010 2412 1154 2472 radicibus
1208 2465 1211 2471 .

161 2515 269 2574 montis
300 2514 450 2586 ferebatur,
482 2524 515 2574 ut
545 2515 654 2572 nullam
689 2514 719 2570 in
750 2522 862 2588 partem
893 2512 1038 2588 depressis
1069 2511 1154 2571 fossis

162 2613 281 2672 derivari
309 2623 417 2690 posset.
459 2612 530 2672 Erat
556 2622 653 2670 autem
680 2610 835 2686 oppidanis
863 2610 984 2669 difficilis
1012 2619 1041 2670 et
1071 2628 1154 2686 prae-

105 2777 109 2784 ,
160 2721 262 2788 ruptus
282 2729 319 2771 eo
340 2711 505 2782 descensus,
527 2719 559 2770 ut
579 2708 799 2787 prohibentibus
820 2708 927 2768 nostris
949 2709 1012 2768 sine
1032 2709 1153 2767 vulneri-
1168 2713 1197 2762 ²5

160 2810 215 2868 bus
236 2827 271 2869 ac
295 2808 422 2885 periculo
447 2809 521 2868 vitae
542 2825 638 2883 neque
659 2807 738 2866 adire
759 2806 868 2865 flumen
888 2824 985 2882 neque
1006 2807 1097 2865 arduo
1122 2825 1153 2866 se

160 2908 288 2983 recipere
312 2916 433 2983 possent
457 2923 589 2966 ascensu.
631 2903 700 2976 Qua
724 2904 889 2964 difficultate
914 2922 1015 2964 eorum
1037 2905 1154 2980 cognita

160 3005 269 3065 Caesar
287 3005 438 3080 sagittariis
457 3004 707 3078 funditoribusque
727 3003 882 3079 dispositis,
897 3002 1047 3061 tormentis
1067 3003 1155 3060 etiam

159 3102 334 3178 quibusdam
354 3101 425 3161 locis
445 3107 548 3160 eontra
561 3100 712 3160 facillimos
732 3101 888 3159 descensus
908 3099 1063 3172 collocatis,
1078 3118 1153 3176 aqua

158 3200 286 3259 fluminis
305 3199 479 3276 prohibebat
498 3199 672 3276 oppidanos.
714 3203 762 3258 41.
785 3198 918 3270 Quorum
936 3197 1033 3256 omnis
1050 3208 1153 3274 postea
1166 3219 1197 3267 30

158 3298 313 3358 multitudo
348 3308 518 3374 aquatorum
553 3317 644 3360 unum
678 3299 708 3356 in
742 3297 840 3356 locum
874 3298 1064 3356 conveniebat
1098 3300 1152 3357 sub

158 3400 250 3475 ipsius
269 3398 369 3475 oppidi
390 3416 513 3469 murum,
532 3398 581 3454 ubi
604 3414 729 3471 magnus
748 3397 814 3454 fons
834 3413 926 3471 aquae
945 3397 1153 3472 prorumpebat

158 3498 196 3554 ab
231 3515 266 3554 ea
299 3507 388 3573 parte,
420 3514 495 3572 quae
527 3496 585 3554 fere
616 3495 724 3571 pedum
759 3509 813 3552 ooo
847 3493 996 3552 intervallo
1027 3495 1153 3554 fluminis

158 3592 278 3652 circuitu
312 3595 439 3652 vacabat.
483 3593 551 3652 Hoc
582 3593 662 3650 fonte
693 3591 838 3666 prohiberi
869 3609 957 3667 posse
988 3593 1151 3668 oppidanos
