2606 3934
190 205 233 271 24
514 203 542 252 c.
564 203 657 251 wrrr
678 200 848 250 enesaunt
1153 203 1178 249 1.

189 361 292 429 postea
312 362 438 411 armatos
458 371 493 412 ac
513 353 634 410 victores
654 359 843 428 superassent.
886 349 1020 427 Denique
1038 348 1093 408 hos
1112 365 1176 406 esse

189 450 316 520 eosdem,
344 451 516 526 quibuscum
545 467 752 526 saepenumero
782 448 907 506 Helvetii
938 448 1086 524 congressi
1116 464 1177 504 non

111 589 114 594 ·
190 547 283 606 solum
299 549 329 604 in
348 549 416 618 suiS,
430 548 581 606 sedetiam
597 548 628 604 in
646 547 759 604 illorum
772 546 877 604 finibus
893 546 1063 622 plerumque
1078 563 1176 620 super·

188 648 269 718 arint,
292 647 342 722 qui
365 657 462 704 tamen
481 664 564 722 pares
584 665 647 704 esse
667 655 765 703 nostro
787 645 922 703 exercitui
942 661 1003 702 non
1024 643 1176 720 potuerint.

160 742 219 805 SSi
238 762 312 819 quos
331 744 480 802 adversum
499 743 640 819 proelium
661 753 690 800 et
710 742 779 817 fuga
800 741 951 800 Gallorum
972 748 1176 812 commoveret,

188 839 251 910 hos,
267 841 290 898 si
309 851 486 916 quaererent,
501 841 623 915 reperire
637 858 724 916 posse
739 840 920 898 diuturnitate
934 839 1001 897 belli
1016 838 1176 915 defatigatis

188 937 279 996 Gallis
292 939 476 1008 Ariovistum,
488 957 554 996 cum
568 939 673 996 multos
687 955 803 996 menses
818 939 917 996 castris
931 955 962 996 se
977 956 1010 996 ac
1024 937 1176 1012 paludibus

187 1037 324 1095 tenuisset
343 1054 437 1110 neque
457 1036 500 1094 sui
521 1045 693 1110 potestatem
715 1035 837 1106 fecisset,
857 1036 1043 1111 desperantes
1061 1035 1119 1092 iam
1138 1033 1175 1091 de

186 1149 285 1207 pugna
303 1142 332 1190 et
346 1133 490 1209 dispersos
508 1133 602 1191 subito
619 1133 753 1190 adortum
769 1133 862 1208 magis
881 1133 991 1190 ratione
1011 1142 1039 1190 et
1053 1131 1175 1190 consilio

143 1246 175 1284 ιο
187 1247 273 1306 quam
293 1231 393 1288 virtute
412 1231 521 1289 vicisse.
564 1229 619 1288 Cui
639 1230 741 1288 rationi
762 1240 863 1287 contra
882 1229 1015 1288 homines
1036 1229 1175 1287 barbaros

186 1335 272 1402 atque
289 1327 437 1403 imperitos
456 1328 537 1386 locus
557 1327 664 1397 fuisset,
683 1326 738 1385 hac
757 1346 794 1384 ne
809 1329 904 1402 ipsum
923 1328 1041 1402 quidem
1060 1343 1174 1402 sperare

185 1435 300 1484 nostros
327 1426 468 1484 exercitus
496 1425 561 1500 capi
587 1443 682 1500 posse.
724 1424 783 1496 Qui
811 1441 896 1483 suum
923 1425 1056 1483 timorem
1081 1425 1110 1481 in
1133 1424 1174 1481 rei

184 1517 384 1576 frumentariae
409 1519 621 1577 simulationem
643 1519 847 1594 angustiasque
869 1518 977 1576 itineris
1001 1517 1172 1586 conferrent,

186 1614 279 1674 facere
301 1625 476 1690 arroganter,
491 1634 558 1673 cum
578 1626 627 1674 aut
647 1617 684 1674 de
705 1615 800 1674 officio
821 1616 1000 1691 imperatoris
1021 1615 1174 1690 desperare
1192 1621 1195 1628 '

143 1735 172 1786 ¹5
186 1724 235 1770 aut
247 1713 441 1789 praescribere
458 1714 628 1772 viderentur.
670 1713 754 1772 Haec
773 1713 828 1771 sibi
847 1731 910 1771 esse
930 1731 1032 1771 curae:
1047 1713 1174 1770 frumen-

185 1821 247 1868 tum
263 1810 423 1886 Sequanos,
438 1809 559 1880 LeucoS,
574 1811 722 1887 Lingones
739 1811 962 1882 subministrare,
977 1811 1092 1887 iamque
1109 1827 1174 1868 esse

186 1910 216 1967 in
240 1910 315 1984 agris
338 1909 481 1967 frumenta
504 1919 630 1980 matura;
653 1909 689 1966 de
712 1907 811 1966 itinere
835 1909 916 1984 ipsos
940 1909 1018 1967 brevi
1042 1918 1174 1984 tempore

185 2006 367 2065 iudicaturos.
409 2005 499 2076 Quod
522 2023 583 2063 non
607 2005 668 2064 fore
690 2005 767 2064 dicto
794 2006 943 2065 audientes
967 2025 1062 2082 neque
1090 2006 1175 2080 signa

184 2101 266 2162 laturi
280 2103 418 2174 dicantur,
432 2102 501 2160 nihil
516 2121 546 2160 se
560 2121 596 2162 ea
608 2121 639 2160 re
653 2103 845 2161 commoveri:
867 2105 940 2162 scire
954 2104 1041 2174 enim,
1056 2104 1174 2179 quibus-

142 2227 173 2264 20
186 2219 309 2276 cumque
328 2201 470 2259 exercitus
484 2201 561 2258 dicto
575 2201 695 2259 audiens
713 2218 775 2258 non
789 2201 880 2267 fuerit,
895 2210 944 2259 aut
958 2202 1033 2260 male
1047 2219 1077 2258 re
1091 2211 1176 2276 gesta

185 2300 329 2358 fortunam
350 2299 475 2360 defuisse
503 2310 552 2358 aut
579 2299 675 2375 aliquo
697 2299 823 2357 facinore
851 2311 1002 2376 comperto
1027 2301 1175 2359 avaritiam

185 2415 249 2455 esse
263 2397 439 2454 convictam:
462 2415 544 2454 suam
563 2396 755 2454 innocentiam
772 2407 910 2473 perpetua
928 2398 993 2467 vita,
1009 2397 1176 2456 felicitatem

185 2493 384 2552 Helvetiorum
411 2493 488 2552 bello
516 2511 580 2551 esse
606 2503 796 2570 perspectam.
838 2493 940 2571 ltaque
968 2513 1008 2566 se,
1035 2496 1116 2572 quod
1142 2497 1176 2553 in

183 2589 345 2666 longiorem
360 2591 437 2648 diem
452 2590 604 2648 collaturus
617 2589 723 2661 fuisset,
738 2603 1017 2666 repraesentaturum
1031 2603 1059 2652 et
1075 2593 1175 2670 proxi·

141 2706 171 2755 ²5
185 2705 234 2745 ma
247 2699 331 2747 nocte
346 2689 382 2747 de
397 2699 499 2764 quarta
512 2688 606 2764 vigilia
620 2699 712 2746 castra
724 2699 879 2761 moturum,
893 2701 924 2748 ut
942 2709 1030 2767 quam
1047 2692 1176 2780 primqm

184 2784 348 2861 intellegere
366 2795 474 2862 posset,
488 2795 584 2844 utrum
602 2785 680 2861 apud
698 2803 750 2844 eos
767 2787 862 2861 pudor
880 2796 966 2863 atque
985 2788 1120 2860 officium,
1134 2805 1177 2846 an

184 2883 270 2940 timor
289 2883 402 2941 valeret.
445 2881 534 2954 Quod
554 2883 578 2941 si
597 2892 744 2958 praeterea
762 2901 850 2942 nemo
869 2894 1012 2960 sequatur,
1026 2895 1124 2944 tamen
1141 2903 1176 2944 se

184 2997 251 3040 cum
270 2981 332 3038 sola
351 2980 463 3039 decima
480 2980 594 3054 legione
613 2981 725 3052 iturum,
740 2980 777 3038 de
795 2998 854 3056 qua
866 2999 927 3039 non
941 2982 1090 3053 dubitaret,
1105 2983 1176 3041 sibi-

184 3093 241 3152 que
255 3095 319 3135 eam
334 3077 507 3152 praetoriam
518 3075 668 3135 cohortem
681 3076 814 3134 futuram.
856 3077 935 3136 Huic
945 3078 1053 3155 legioni
1064 3079 1177 3138 Caesar

140 3206 173 3254 30
185 3184 214 3232 et
231 3175 386 3233 indulserat
405 3175 558 3250 praecipue
577 3184 606 3232 et
623 3183 741 3250 propter
758 3176 890 3234 virtutem
907 3178 1070 3236 confidebat
1090 3197 1176 3236 max·

184 3269 249 3328 ime.
292 3277 339 3329 41.
362 3270 427 3328 Hac
448 3272 577 3330 oratione
597 3271 694 3329 habita
710 3272 815 3330 mirum
830 3273 861 3330 in
878 3274 999 3332 modum
1016 3293 1177 3334 conversae

186 3379 252 3427 sunt
271 3370 400 3428 omnium
419 3377 539 3439 mentes,
559 3387 730 3445 summaque
750 3370 878 3428 alacritas
897 3381 924 3429 et
945 3371 1085 3447 cupiditas
1105 3372 1177 3432 belli

186 3467 303 3540 gerendi
320 3467 418 3525 innata
440 3476 491 3538 est,
512 3467 706 3544 princepsque
727 3466 839 3525 decima
858 3468 934 3542 legio
962 3487 1014 3545 per
1041 3471 1177 3530 tribunos
1279 3523 1280 3544 ,
