2652 3928
152 216 246 300 3-6.
339 232 385 279 oa
406 231 516 278 asaro
539 230 689 279 claraco
712 231 822 280 corun.
850 232 925 282 vrrr.
1081 217 1141 301 185

152 353 231 412 docti
255 353 398 413 Carnutes
420 355 539 413 desertis
563 355 633 412 vicis
658 354 840 430 oppidisque,
869 371 944 430 quae
972 355 1139 414 tolerandae

151 453 256 512 hiemis
284 457 372 512 causa
401 453 561 512 constitutis
589 465 707 530 repente
732 454 843 528 exiguis
871 455 908 512 ad
936 454 1139 513 necessitatem

152 549 289 609 aedificiis
316 552 482 611 incolebant
503 552 607 630 (nuper
628 551 705 608 enim
729 551 831 608 devicti
856 552 1006 626 complura
1030 552 1139 628 oppida

152 646 341 726 dimiserant),
376 650 498 724 dispersi
528 647 705 724 profugiunt.
747 647 855 708 Caesar
885 657 1069 724 erumpentes
1103 667 1138 706 eo

151 747 279 804 maxime
296 756 428 822 tempore
448 747 601 804 acerrimas
620 756 804 821 tempestates
826 765 894 804 cum
916 747 1012 805 subire
1033 747 1166 810 militess

152 844 250 914 nollet,
272 845 302 901 in
323 844 433 920 oppido
457 843 618 901 Carnutum
639 842 760 901 Cenabo
782 853 878 902 castra
898 844 982 920 ponit
1002 851 1088 919 atque
1108 843 1139 900 in

151 951 228 1000 tecta
262 942 365 1018 partim
402 941 560 1012 Gallorum,
595 941 700 1018 partim
731 958 806 1015 quae
842 942 980 1000 coniectis
1011 942 1139 1001 celeriter

151 1040 314 1098 stramentis
340 1040 530 1098 tentoriorum
558 1038 781 1113 integendorum
805 1039 897 1113 gratia
921 1049 1002 1097 erant
1029 1039 1137 1097 inaedi-

149 1136 243 1206 ficata,
278 1136 382 1194 milites
417 1137 554 1211 contegit.
616 1135 737 1211 Equites
771 1145 870 1194 tamen
908 1145 936 1194 et
975 1137 1137 1195 auxiliarios

149 1235 261 1308 pedites
275 1235 305 1291 in
319 1251 423 1292 omnes
442 1245 539 1311 partes
556 1234 649 1304 mittit,
663 1251 861 1310 quascumque
875 1234 981 1310 petisse
1001 1224 1137 1292 diceban·
1153 1256 1182 1290 ιο

148 1339 195 1387 tur
222 1331 337 1402 hostes;
370 1349 424 1390 nec
452 1331 572 1390 frustra:
604 1349 673 1388 nam
700 1331 869 1406 plerumque
897 1349 1004 1406 magna
1030 1331 1137 1406 praeda

148 1429 233 1504 potiti
247 1429 337 1486 nostri
356 1415 542 1488 revertuntur.
585 1428 725 1505 Oppressi
740 1426 882 1487 Carnutes
899 1427 1002 1487 hiemis
1019 1428 1136 1486 difficul-

148 1536 214 1597 tate,
236 1537 345 1584 terrore
365 1527 492 1602 periculi,
511 1545 578 1586 cum
599 1528 682 1585 tectis
703 1527 815 1604 expulsi
840 1526 919 1584 nullo
940 1527 1008 1585 loco
1029 1526 1135 1586 diutius

147 1624 304 1684 consistere
333 1625 472 1683 auderent
495 1643 549 1683 nec
577 1625 712 1684 silvarum
744 1625 889 1700 praesidio
916 1625 1135 1700 tempestatibus

148 1721 308 1780 durissimis
322 1723 380 1798 tegi
394 1733 522 1798 possent,
538 1724 659 1799 dispersi
673 1741 780 1799 magna
798 1733 879 1798 parte
894 1723 1001 1782 amissa
1016 1740 1134 1780 suorum
1150 1742 1178 1793 15

148 1819 323 1894 dissipantur
336 1820 366 1877 in
381 1821 516 1880 finitimas
530 1822 667 1879 civitates.

188 1923 217 1976 6.
241 1916 348 1976 Caesar
375 1927 506 1994 tempore
531 1920 599 1977 anni
624 1919 789 1978 difficillimo
818 1937 884 1977 cum
913 1918 982 1978 satis
1016 1917 1135 1978 haberet

146 2016 353 2074 convenientes
368 2035 472 2075 manus
487 2015 634 2092 dissipare,
649 2035 686 2074 ne
701 2017 781 2092 quod
795 2016 906 2073 initium
920 2015 988 2074 belli
1002 2034 1134 2074 nascere-

147 2124 200 2186 tur,
223 2107 421 2190 quantur'nque
442 2116 472 2172 in
492 2116 603 2174 ratione
628 2125 711 2184 esset,
737 2115 916 2190 exploratum
940 2095 1059 2172 haberet
1080 2116 1134 2172 sub

146 2221 262 2287 tempus
283 2213 456 2270 aestivorum
477 2212 587 2270 nullum
604 2230 750 2270 summum
769 2211 877 2270 bellurn
897 2229 985 2286 posse
1007 2211 1179 2281 condatino

147 2307 254 2366 Gaium
270 2309 450 2368 Trebonium
462 2328 529 2368 cum
544 2309 656 2368 duabus
664 2309 835 2384 legionibus,
847 2327 920 2384 quas
934 2327 1034 2367 secum
1048 2309 1135 2368 habe·

145 2409 204 2477 bat,
214 2407 243 2463 in
252 2406 379 2465 hibernis
387 2406 499 2465 Cenabi
508 2407 669 2465 collocavit:
681 2407 743 2482 ipse
752 2425 818 2464 cum
828 2407 935 2464 crebris
944 2407 1135 2482 legationibus

147 2502 308 2562 Remorum
330 2505 434 2562 certior
454 2504 535 2562 fieret
556 2503 735 2576 Bellovacos,
761 2505 810 2581 qui
831 2506 897 2563 belli
918 2505 1010 2580 gloria
1035 2505 1135 2565 Gallos

146 2619 251 2660 omnes
265 2601 428 2678 Belgasque
442 2603 636 2678 praestabant,
651 2603 843 2679 finitimasque
857 2603 901 2660 his
921 2603 1047 2662 civitates
1062 2605 1134 2662 duce

150 2697 261 2757 Correo
280 2698 434 2759 Bellovaco
456 2710 484 2758 et
501 2699 638 2758 Commio
652 2700 789 2758 Atrebate
804 2702 944 2759 exercitus
965 2719 1133 2778 comparare
1149 2730 1177 2778 ²5

147 2806 234 2872 atque
256 2796 286 2853 in
306 2814 397 2854 unum
416 2797 515 2856 locum
533 2816 646 2873 cogere,
666 2807 697 2855 ut
714 2799 795 2855 omni
814 2799 994 2857 multitudine
1010 2800 1040 2857 in
1061 2800 1134 2858 fines

148 2893 348 2964 Suessionum,
377 2896 426 2970 qui
456 2893 557 2953 Remis
582 2904 664 2952 erant
688 2896 822 2967 attributi,
847 2896 975 2955 lacerent
999 2898 1133 2973 impress-

146 2991 254 3060 ionem,
269 2993 411 3066 pertinere
426 3003 523 3051 autem
537 3010 598 3050 non
613 3002 724 3051 tantum
738 2993 775 3050 ad
789 2994 967 3068 dignitatem,
982 2995 1133 3053 sedetiam

146 3091 185 3150 ad
219 3089 341 3148 salutem
374 3109 456 3149 suam
491 3091 636 3162 iudicaret,
672 3091 779 3148 nullam
813 3091 1003 3150 calamitatem
1038 3093 1134 3152 socios

147 3187 257 3265 optime
276 3187 312 3246 de
331 3189 478 3265 republica
495 3189 613 3248 meritos
630 3189 769 3265 accipere,
787 3189 932 3264 legionem
952 3208 988 3247 ex
1006 3189 1133 3249 hibernis
1146 3214 1179 3261 30
1221 3201 1223 3205 ’

147 3294 249 3344 evocat
266 3304 363 3344 rursus
382 3302 425 3356 xr,
451 3285 558 3344 litteras
581 3295 677 3343 autem
702 3286 739 3343 ad
761 3284 867 3344 Gaium
895 3285 1015 3345 Fabium
1039 3289 1133 3359 mittit,

147 3392 179 3441 ut
197 3381 226 3438 in
242 3383 314 3442 fines
336 3382 524 3442 Suessionum
543 3383 672 3458 legiones
690 3384 770 3454 duas,
785 3401 857 3458 quas
878 3383 1011 3455 habebat,
1026 3385 1134 3444 adduc-

149 3494 218 3556 eret,
252 3483 427 3559 alteramque
461 3501 497 3540 ex
528 3482 640 3540 duabus
674 3483 711 3540 ab
738 3481 870 3541 Labieno
904 3484 1030 3543 arcessit.
1079 3484 1132 3558 Ita,
