2606 3934
175 191 220 260 30
397 186 403 192 ·
498 189 528 240 c.
550 183 644 240 rann
665 183 838 240 cn‘nsnnrs
1142 179 1166 244 r'.

179 337 281 413 siquo
303 349 363 397 erat
383 339 497 416 longius
518 341 721 417 prodeundum
748 352 796 401 aut
823 341 942 401 celerius
969 341 1167 418 recipiendum

178 443 258 492 tanta
284 448 344 495 erat
370 437 475 496 horum
496 440 699 526 exercitatione
720 440 858 510 celeritas,
878 449 910 498 ut
931 441 1004 498 iubis
1026 458 1169 516 equorum

179 533 317 591 sublevati
332 553 447 593 cursum
462 536 665 613 adaequarent.
694 543 748 595 49.
770 537 828 595 Ubi
839 556 906 596 eurn
918 538 1017 596 castris
1029 555 1059 596 se
1071 547 1168 595 tenere

180 628 291 688 Caesar.
308 632 453 702 intellexit,
475 652 512 691 ne
540 634 645 691 diutius
672 644 837 693 commeatu
863 635 1070 711 prohiberetur,
1093 635 1168 692 ultra

153 739 247 787 seum
278 728 384 798 locum,
413 747 471 804 quo
499 730 530 787 in
556 730 622 789 loco
652 729 791 788 Germani
824 732 1025 803 consederant,
1056 733 1169 790 circiter

180 843 283 900 passus
311 839 462 885 sexcentos
491 829 527 886 ab
559 829 602 898 iis,
616 841 618 846 ’
631 830 730 886 castris
757 829 896 887 idoneum
922 831 1020 889 locum
1053 831 1168 905 delegit,

181 923 299 998 acieque
327 924 428 999 triplici
456 925 593 982 instructa
621 926 658 982 ad
685 944 753 984 curn
779 927 877 984 locum
904 929 989 986 venit.
1040 927 1168 985 Primam

181 1027 210 1076 et
232 1021 390 1078 secundam
412 1023 504 1079 aciem
527 1023 557 1080 in
584 1023 671 1080 armis
696 1041 768 1094 esse,
793 1025 906 1082 tertiam
934 1035 1028 1083 castra
1054 1026 1168 1083 munire

172 1117 269 1177 iussit.
311 1117 369 1176 Hic
396 1119 476 1178 locus
503 1121 541 1178 ab
568 1121 652 1178 hoste
680 1121 790 1179 circiter
811 1140 914 1198 passus
942 1133 1105 1192 sexcentos,
1127 1123 1170 1180 uti

139 1230 169 1268 10
182 1214 289 1272 dictum
306 1225 357 1286 est,
376 1217 481 1274 aberat.
523 1217 569 1276 Eo
591 1219 701 1276 circiter
724 1218 877 1277 hominum
898 1238 1019 1279 numero
1042 1220 1170 1278 sedecim

180 1313 258 1370 milia
280 1315 414 1389 expedita
435 1333 503 1373 cum
530 1316 611 1373 omni
639 1317 768 1391 equitatu
788 1317 949 1376 Ariovistus
976 1318 1063 1387 misit,
1093 1336 1169 1394 quae

180 1410 283 1485 copiae
323 1421 438 1471 nostros
479 1423 667 1488 perterrercnt
708 1423 737 1472 et
777 1415 936 1473 munitione
974 1415 1168 1490 prohiberent.

181 1505 280 1566 Nihilo
316 1511 410 1568 secius
445 1509 560 1581 Caesar,
595 1523 626 1570 ut
660 1521 727 1570 ante
762 1514 956 1582 constituerat,
985 1512 1057 1570 duas
1091 1511 1169 1569 acies

182 1603 296 1663 hostem
320 1607 497 1682 propulsare,
518 1610 631 1668 tertiam
659 1628 734 1686 opus
755 1610 891 1684 perficere
914 1609 1003 1667 iussit.
1046 1607 1169 1666 Munitis

141 1718 170 1766 15
184 1703 283 1760 castris
311 1703 382 1761 duas
409 1705 449 1762 ibi
475 1706 607 1782 legiones
639 1709 751 1783 reliquit
783 1716 812 1764 et
842 1715 952 1782 partem
985 1706 1166 1777 auxiliorum,

184 1809 318 1874 quattuor
338 1801 462 1877 reliquas
483 1804 514 1860 in
535 1815 628 1862 castra
648 1805 759 1862 maiora
782 1804 902 1862 reduxit.
945 1809 1000 1861 50.
1028 1802 1168 1861 Proximo

185 1897 230 1954 die
249 1897 378 1957 instituto
400 1917 453 1958 suo
475 1900 583 1959 Caesar
601 1921 618 1960 e
638 1902 736 1960 castris
757 1902 884 1977 utrisque
903 1901 1004 1977 copias
1019 1919 1085 1960 suas
1100 1901 1170 1958 edu·

185 1995 225 2052 xit
239 1995 414 2072 paulumque
428 2015 446 2054 a
459 1998 616 2056 maioribus
631 1999 729 2057 castris
744 2016 914 2074 progressus
925 1999 1018 2056 aciem
1029 1999 1170 2068 instruxit,

184 2092 314 2153 hostibus
336 2095 485 2170 pugnandi
507 2105 680 2171 potestatem
704 2095 779 2154 fecit.
820 2095 879 2154 Ubi
900 2114 939 2154 ne
965 2106 1027 2154 tum
1052 2097 1170 2172 quidem

142 2209 173 2242 20
186 2209 237 2250 eos
256 2193 370 2268 prodire
389 2194 534 2264 intellexit,
549 2194 659 2252 circiter
677 2193 827 2251 meridiem
846 2193 1004 2252 exercitum
1025 2193 1055 2250 in
1077 2203 1172 2252 castra

185 2289 304 2348 reduxit.
346 2289 425 2348 Tum
446 2291 564 2348 demum
583 2290 742 2349 Ariovistus
755 2298 868 2365 partem
882 2309 998 2349 suarum
1012 2291 1171 2366 copiarum,

186 2405 260 2462 quae
285 2397 377 2446 castra
402 2389 516 2447 minora
543 2397 733 2465 oppugnaret,
761 2389 847 2446 misit.
887 2390 999 2448 Acriter
1025 2391 1171 2465 utrimque

187 2503 279 2561 usque
312 2486 350 2544 ad
377 2504 528 2562 vesperum
564 2495 724 2561 pugnaturn
752 2494 803 2544 est.
858 2485 932 2546 Solis
966 2504 1071 2546 occasu
1103 2505 1171 2545 suas

189 2583 288 2658 copias
318 2583 478 2640 Ariovistus
505 2583 602 2640 multis
631 2593 659 2640 et
686 2582 769 2640 illatis
796 2592 825 2642 et
851 2585 979 2660 acceptis
1006 2584 1172 2642 vulneribus

145 2690 173 2741 25
188 2681 217 2737 in
232 2689 325 2738 castra
337 2679 457 2738 reduxit.
500 2679 575 2738 Cum
594 2699 631 2738 ex
652 2679 769 2755 captivis
788 2692 937 2755 quaereret
952 2679 1068 2750 Caesar,
1083 2699 1172 2756 quarn

189 2780 228 2836 ob
250 2795 312 2834 rem
334 2777 494 2835 Ariovistus
511 2778 621 2853 proelio
645 2795 706 2835 non
729 2777 894 2848 decertaret,
915 2791 991 2837 nanc
1012 2779 1173 2854 reperiebat

189 2893 314 2946 causam,
343 2875 423 2951 quod
450 2876 527 2951 apud
558 2875 720 2934 Germanos
750 2893 786 2934 ea
815 2876 995 2934 consuetudo
1025 2887 1110 2947 esset,
1141 2885 1173 2934 ut

188 2973 418 3032 matresfamiliae
433 2991 533 3031 eorum
547 2974 671 3032 sortibus
685 2981 713 3030 et
726 2975 976 3032 vaticinationibus
986 2975 1172 3047 declararent,

188 3084 283 3136 utrum
311 3071 452 3149 proelium
480 3073 620 3130 committi
647 3089 683 3129 ex
714 3088 770 3128 usu
800 3081 876 3130 esset
911 3091 1021 3144 necne;
1057 3090 1106 3130 eas
1133 3073 1174 3129 ita

145 3177 177 3230 30
189 3171 301 3228 dicere:
330 3187 391 3228 non
415 3187 477 3228 esse
504 3169 548 3228 fas
562 3177 563 3180 ’
576 3168 739 3228 Germanos
767 3187 910 3244 superare,
932 3170 956 3226 si
977 3159 1043 3228 ante
1064 3183 1176 3227 novam¹

188 3267 286 3325 lunam
299 3267 409 3342 proelio
420 3267 645 3325 contendissent.
687 3273 734 3326 51.
765 3265 904 3325 Postridie
919 3267 980 3324 eius
994 3267 1050 3324 diei
1065 3265 1175 3325 Caesar

190 3363 363 3441 praesidium
389 3364 516 3440 utrisque
544 3364 651 3435 castris,
680 3363 760 3440 quod
794 3363 863 3421 satis
895 3381 960 3421 esse
993 3364 1087 3422 visum
1120 3372 1174 3432 est,

190 3461 309 3538 reliquit,
337 3462 431 3520 omnis
459 3461 562 3520 alarios
590 3461 620 3518 in
651 3471 811 3538 conspectu
836 3459 962 3519 hostium
990 3479 1044 3538 pro
1072 3461 1176 3522 castris
