<?xml version="1.0" encoding="UTF-8"?>
<!DOCTYPE html PUBLIC "-//W3C//DTD XHTML 1.0 Transitional//EN"
    "http://www.w3.org/TR/xhtml1/DTD/xhtml1-transitional.dtd">
<html xmlns="http://www.w3.org/1999/xhtml" xml:lang="en" lang="en">
 <head>
  <title>
</title>
<meta http-equiv="Content-Type" content="text/html;charset=utf-8" />
  <meta name='ocr-system' content='tesseract 3.04.00' />
  <meta name='ocr-capabilities' content='ocr_page ocr_carea ocr_par ocr_line ocrx_word'/>
</head>
<body>
  <div class='ocr_page' id='page_1' title='image "./commentariescju01caesgoog_0244.png"; bbox 0 0 2652 3928; ppageno 0'>
   <div class='ocr_carea' id='block_1_1' title="bbox 155 191 1150 276">
    <p class='ocr_par' dir='ltr' id='par_1_1' title="bbox 155 191 1150 276">
     <span class='ocr_line' id='line_1_1' title="bbox 155 191 1150 276; baseline -0.001 -23"><span class='ocrx_word' id='word_1_1' title='bbox 155 191 294 276; x_wconf 81' lang='lat'><strong>46-48.</strong></span> <span class='ocrx_word' id='word_1_2' title='bbox 356 206 403 254; x_wconf 80' lang='lat' dir='ltr'><strong>os</strong></span> <span class='ocrx_word' id='word_1_3' title='bbox 424 205 534 253; x_wconf 77' lang='lat' dir='ltr'><strong>armo</strong></span> <span class='ocrx_word' id='word_1_4' title='bbox 558 201 708 252; x_wconf 74' lang='lat' dir='ltr'><strong><em>GALLIOO</em></strong></span> <span class='ocrx_word' id='word_1_5' title='bbox 731 203 840 259; x_wconf 79' lang='lat' dir='ltr'><strong>corum</strong></span> <span class='ocrx_word' id='word_1_6' title='bbox 867 204 945 253; x_wconf 78' lang='lat' dir='ltr'><strong>vrrr.</strong></span> <span class='ocrx_word' id='word_1_7' title='bbox 1088 204 1150 273; x_wconf 88' lang='lat'><strong>205</strong></span> 
     </span>
    </p>
   </div>
   <div class='ocr_carea' id='block_1_2' title="bbox 156 351 1232 2676">
    <p class='ocr_par' dir='ltr' id='par_1_2' title="bbox 156 351 1232 2676">
     <span class='ocr_line' id='line_1_2' title="bbox 156 351 1149 430; baseline -0.004 -14"><span class='ocrx_word' id='word_1_8' title='bbox 156 359 210 416; x_wconf 65' lang='lat' dir='ltr'><strong>48ss</strong></span> <span class='ocrx_word' id='word_1_9' title='bbox 226 355 296 415; x_wconf 83' lang='lat' dir='ltr'><strong>Erat</strong></span> <span class='ocrx_word' id='word_1_10' title='bbox 311 357 463 416; x_wconf 89' lang='lat' dir='ltr'><strong>attributus</strong></span> <span class='ocrx_word' id='word_1_11' title='bbox 474 353 604 413; x_wconf 87' lang='lat' dir='ltr'><strong>Antonio</strong></span> <span class='ocrx_word' id='word_1_12' title='bbox 619 354 781 430; x_wconf 86' lang='lat' dir='ltr'><strong>praefectus</strong></span> <span class='ocrx_word' id='word_1_13' title='bbox 796 353 925 429; x_wconf 91' lang='lat' dir='ltr'><strong>equitum</strong></span> <span class='ocrx_word' id='word_1_14' title='bbox 936 351 969 412; x_wconf 87' lang='lat' dir='ltr'><strong>C.</strong></span> <span class='ocrx_word' id='word_1_15' title='bbox 982 351 1149 412; x_wconf 87' lang='lat' dir='ltr'>Volusenus</span> 
     </span>
     <span class='ocr_line' id='line_1_3' title="bbox 158 450 1150 529; baseline -0.003 -16"><span class='ocrx_word' id='word_1_16' title='bbox 158 454 333 527; x_wconf 83' lang='lat' dir='ltr'>Quadratus,</span> <span class='ocrx_word' id='word_1_17' title='bbox 361 454 411 529; x_wconf 93' lang='lat' dir='ltr'><strong>qui</strong></span> <span class='ocrx_word' id='word_1_18' title='bbox 439 471 506 512; x_wconf 92' lang='lat' dir='ltr'><strong>curn</strong></span> <span class='ocrx_word' id='word_1_19' title='bbox 534 469 571 511; x_wconf 92' lang='lat' dir='ltr'><strong>eo</strong></span> <span class='ocrx_word' id='word_1_20' title='bbox 598 451 770 511; x_wconf 89' lang='lat' dir='ltr'><strong>hibernaret.</strong></span> <span class='ocrx_word' id='word_1_21' title='bbox 812 450 903 510; x_wconf 91' lang='lat' dir='ltr'><strong>Hunc</strong></span> <span class='ocrx_word' id='word_1_22' title='bbox 935 451 1082 510; x_wconf 91' lang='lat' dir='ltr'><strong>Antonius</strong></span> <span class='ocrx_word' id='word_1_23' title='bbox 1112 450 1150 510; x_wconf 88' lang='lat' dir='ltr'><strong>ad</strong></span> 
     </span>
     <span class='ocr_line' id='line_1_4' title="bbox 156 548 1150 629; baseline -0.004 -18"><span class='ocrx_word' id='word_1_24' title='bbox 156 551 391 629; x_wconf 90' lang='lat' dir='ltr'><strong>persequendum</strong></span> <span class='ocrx_word' id='word_1_25' title='bbox 427 550 586 626; x_wconf 87' lang='lat' dir='ltr'><strong>equitatum</strong></span> <span class='ocrx_word' id='word_1_26' title='bbox 621 549 747 608; x_wconf 90' lang='lat' dir='ltr'><strong>hostium</strong></span> <span class='ocrx_word' id='word_1_27' title='bbox 779 549 872 608; x_wconf 82' lang='lat' dir='ltr'><strong>mittit</strong></span> <span class='ocrx_word' id='word_1_28' title='bbox 913 548 1080 607; x_wconf 88' lang='lat' dir='ltr'><strong>Volusenus</strong></span> <span class='ocrx_word' id='word_1_29' title='bbox 1111 548 1150 607; x_wconf 85' lang='lat' dir='ltr'><strong>ad</strong></span> 
     </span>
     <span class='ocr_line' id='line_1_5' title="bbox 158 645 1148 724; baseline -0.004 -16"><span class='ocrx_word' id='word_1_30' title='bbox 158 668 223 709; x_wconf 85' lang='lat' dir='ltr'><strong>earn</strong></span> <span class='ocrx_word' id='word_1_31' title='bbox 245 650 386 720; x_wconf 89' lang='lat' dir='ltr'><strong>virtutem,</strong></span> <span class='ocrx_word' id='word_1_32' title='bbox 409 666 484 724; x_wconf 90' lang='lat' dir='ltr'><strong>quae</strong></span> <span class='ocrx_word' id='word_1_33' title='bbox 509 647 660 723; x_wconf 86' lang='lat' dir='ltr'><strong>singularis</strong></span> <span class='ocrx_word' id='word_1_34' title='bbox 682 655 743 705; x_wconf 90' lang='lat' dir='ltr'><strong>erat</strong></span> <span class='ocrx_word' id='word_1_35' title='bbox 766 646 797 705; x_wconf 91' lang='lat' dir='ltr'><strong>in</strong></span> <span class='ocrx_word' id='word_1_36' title='bbox 819 665 864 717; x_wconf 90' lang='lat' dir='ltr'><strong>e0,</strong></span> <span class='ocrx_word' id='word_1_37' title='bbox 887 665 1027 722; x_wconf 82' lang='lat' dir='ltr'><strong>magnum</strong></span> <span class='ocrx_word' id='word_1_38' title='bbox 1049 645 1148 704; x_wconf 91' lang='lat' dir='ltr'><strong>odium</strong></span> 
     </span>
     <span class='ocr_line' id='line_1_6' title="bbox 158 743 1177 821; baseline 0.001 -16"><span class='ocrx_word' id='word_1_39' title='bbox 158 745 286 805; x_wconf 89' lang='lat' dir='ltr'><strong>Commii</strong></span> <span class='ocrx_word' id='word_1_40' title='bbox 305 746 488 820; x_wconf 88' lang='lat' dir='ltr'><strong>adiungebat,</strong></span> <span class='ocrx_word' id='word_1_41' title='bbox 509 762 568 821; x_wconf 94' lang='lat' dir='ltr'><strong>quo</strong></span> <span class='ocrx_word' id='word_1_42' title='bbox 586 743 720 802; x_wconf 89' lang='lat' dir='ltr'><strong>libentius</strong></span> <span class='ocrx_word' id='word_1_43' title='bbox 742 744 773 803; x_wconf 94' lang='lat' dir='ltr'><strong>id</strong></span> <span class='ocrx_word' id='word_1_44' title='bbox 792 744 905 816; x_wconf 89' lang='lat' dir='ltr'><strong>faceret,</strong></span> <span class='ocrx_word' id='word_1_45' title='bbox 926 744 1005 820; x_wconf 92' lang='lat' dir='ltr'><strong>quod</strong></span> <span class='ocrx_word' id='word_1_46' title='bbox 1026 744 1177 820; x_wconf 84' lang='lat' dir='ltr'><strong>impera-5</strong></span> 
     </span>
     <span class='ocr_line' id='line_1_7' title="bbox 157 837 1148 920; baseline -0.003 -17"><span class='ocrx_word' id='word_1_47' title='bbox 157 845 248 903; x_wconf 90' lang='lat' dir='ltr'><strong>batur.</strong></span> <span class='ocrx_word' id='word_1_48' title='bbox 291 843 393 920; x_wconf 88' lang='lat' dir='ltr'><strong>Itaque</strong></span> <span class='ocrx_word' id='word_1_49' title='bbox 420 843 566 920; x_wconf 89' lang='lat' dir='ltr'><strong>dispositis</strong></span> <span class='ocrx_word' id='word_1_50' title='bbox 593 837 704 900; x_wconf 88' lang='lat' dir='ltr'><strong>insidiis</strong></span> <span class='ocrx_word' id='word_1_51' title='bbox 732 843 847 918; x_wconf 89' lang='lat' dir='ltr'><strong>saepius</strong></span> <span class='ocrx_word' id='word_1_52' title='bbox 875 843 985 918; x_wconf 89' lang='lat' dir='ltr'><strong>equites</strong></span> <span class='ocrx_word' id='word_1_53' title='bbox 1010 839 1070 900; x_wconf 90' lang='lat' dir='ltr'><strong>eius</strong></span> <span class='ocrx_word' id='word_1_54' title='bbox 1098 860 1148 917; x_wconf 83' lang='lat' dir='ltr'><strong>ag·</strong></span> 
     </span>
     <span class='ocr_line' id='line_1_8' title="bbox 158 927 1222 1019; baseline -0.003 -19"><span class='ocrx_word' id='word_1_55' title='bbox 158 960 274 1019; x_wconf 85' lang='lat' dir='ltr'><strong>gressus</strong></span> <span class='ocrx_word' id='word_1_56' title='bbox 302 927 432 1000; x_wconf 82' lang='lat' dir='ltr'><strong>secunda</strong></span> <span class='ocrx_word' id='word_1_57' title='bbox 458 940 568 1016; x_wconf 91' lang='lat' dir='ltr'><strong>proelia</strong></span> <span class='ocrx_word' id='word_1_58' title='bbox 594 938 726 998; x_wconf 89' lang='lat' dir='ltr'><strong>faciebat.</strong></span> <span class='ocrx_word' id='word_1_59' title='bbox 768 939 940 1011; x_wconf 90' lang='lat' dir='ltr'><strong>Novissime,</strong></span> <span class='ocrx_word' id='word_1_60' title='bbox 970 958 1037 1000; x_wconf 85' lang='lat' dir='ltr'><strong>curn</strong></span> <span class='ocrx_word' id='word_1_61' title='bbox 1064 939 1150 998; x_wconf 89' lang='lat' dir='ltr'><strong>vehe·</strong></span> <span class='ocrx_word' id='word_1_62' title='bbox 1220 949 1222 953; x_wconf 82' lang='grc'><strong>“</strong></span> 
     </span>
     <span class='ocr_line' id='line_1_9' title="bbox 158 1036 1149 1114; baseline -0.001 -17"><span class='ocrx_word' id='word_1_63' title='bbox 158 1039 283 1098; x_wconf 90' lang='lat' dir='ltr'><strong>mentius</strong></span> <span class='ocrx_word' id='word_1_64' title='bbox 314 1038 536 1099; x_wconf 89' lang='lat' dir='ltr'><strong>contenderetur</strong></span> <span class='ocrx_word' id='word_1_65' title='bbox 567 1055 601 1095; x_wconf 91' lang='lat' dir='ltr'><strong>ac</strong></span> <span class='ocrx_word' id='word_1_66' title='bbox 631 1036 798 1096; x_wconf 84' lang='lat' dir='ltr'><strong>Volusenus</strong></span> <span class='ocrx_word' id='word_1_67' title='bbox 828 1038 919 1114; x_wconf 92' lang='lat' dir='ltr'><strong>ipsius</strong></span> <span class='ocrx_word' id='word_1_68' title='bbox 950 1037 1149 1114; x_wconf 88' lang='lat' dir='ltr'><strong>intercipiendi</strong></span> 
     </span>
     <span class='ocr_line' id='line_1_10' title="bbox 159 1135 1149 1213; baseline -0.001 -17"><span class='ocrx_word' id='word_1_69' title='bbox 159 1136 286 1196; x_wconf 91' lang='lat' dir='ltr'><strong>Commii</strong></span> <span class='ocrx_word' id='word_1_70' title='bbox 310 1137 466 1213; x_wconf 86' lang='lat' dir='ltr'><strong>cupiditate</strong></span> <span class='ocrx_word' id='word_1_71' title='bbox 491 1135 665 1212; x_wconf 83' lang='lat' dir='ltr'><strong>pertinacius</strong></span> <span class='ocrx_word' id='word_1_72' title='bbox 690 1154 758 1193; x_wconf 89' lang='lat' dir='ltr'><strong>eum</strong></span> <span class='ocrx_word' id='word_1_73' title='bbox 783 1154 851 1195; x_wconf 91' lang='lat' dir='ltr'><strong>cum</strong></span> <span class='ocrx_word' id='word_1_74' title='bbox 875 1137 976 1213; x_wconf 84' lang='lat' dir='ltr'><strong>paucis</strong></span> <span class='ocrx_word' id='word_1_75' title='bbox 1003 1136 1149 1195; x_wconf 89' lang='lat' dir='ltr'><strong>insecutus</strong></span> 
     </span>
     <span class='ocr_line' id='line_1_11' title="bbox 159 1232 1196 1318; baseline -0.002 -24"><span class='ocrx_word' id='word_1_76' title='bbox 159 1245 243 1318; x_wconf 90' lang='lat' dir='ltr'><strong>esset,</strong></span> <span class='ocrx_word' id='word_1_77' title='bbox 271 1235 318 1293; x_wconf 92' lang='lat' dir='ltr'><strong>ille</strong></span> <span class='ocrx_word' id='word_1_78' title='bbox 345 1243 442 1292; x_wconf 89' lang='lat' dir='ltr'><strong>autem</strong></span> <span class='ocrx_word' id='word_1_79' title='bbox 469 1232 538 1310; x_wconf 87' lang='lat' dir='ltr'><strong>fuga</strong></span> <span class='ocrx_word' id='word_1_80' title='bbox 565 1233 727 1291; x_wconf 89' lang='lat' dir='ltr'><strong>vehementi</strong></span> <span class='ocrx_word' id='word_1_81' title='bbox 755 1232 938 1293; x_wconf 89' lang='lat' dir='ltr'><strong>Volusenum</strong></span> <span class='ocrx_word' id='word_1_82' title='bbox 965 1233 1149 1309; x_wconf 87' lang='lat' dir='ltr'><strong>produxisset</strong></span> <span class='ocrx_word' id='word_1_83' title='bbox 1166 1256 1196 1292; x_wconf 88' lang='lat'><strong>10</strong></span> 
     </span>
     <span class='ocr_line' id='line_1_12' title="bbox 158 1331 1148 1409; baseline -0.001 -18"><span class='ocrx_word' id='word_1_84' title='bbox 158 1334 282 1409; x_wconf 87' lang='lat' dir='ltr'><strong>longius,</strong></span> <span class='ocrx_word' id='word_1_85' title='bbox 317 1333 451 1391; x_wconf 90' lang='lat' dir='ltr'><strong>inimicus</strong></span> <span class='ocrx_word' id='word_1_86' title='bbox 485 1331 598 1390; x_wconf 90' lang='lat' dir='ltr'><strong>homini</strong></span> <span class='ocrx_word' id='word_1_87' title='bbox 633 1349 751 1389; x_wconf 91' lang='lat' dir='ltr'><strong>suorum</strong></span> <span class='ocrx_word' id='word_1_88' title='bbox 787 1331 904 1390; x_wconf 91' lang='lat' dir='ltr'><strong>invocat</strong></span> <span class='ocrx_word' id='word_1_89' title='bbox 938 1331 1028 1391; x_wconf 89' lang='lat' dir='ltr'><strong>fidem</strong></span> <span class='ocrx_word' id='word_1_90' title='bbox 1063 1341 1148 1406; x_wconf 90' lang='lat' dir='ltr'><strong>atque</strong></span> 
     </span>
     <span class='ocr_line' id='line_1_13' title="bbox 158 1428 1150 1506; baseline -0.002 -18"><span class='ocrx_word' id='word_1_91' title='bbox 158 1431 304 1502; x_wconf 86' lang='lat' dir='ltr'><strong>auxilium,</strong></span> <span class='ocrx_word' id='word_1_92' title='bbox 333 1448 370 1489; x_wconf 90' lang='lat' dir='ltr'><strong>ne</strong></span> <span class='ocrx_word' id='word_1_93' title='bbox 398 1447 450 1488; x_wconf 89' lang='lat' dir='ltr'><strong>sua</strong></span> <span class='ocrx_word' id='word_1_94' title='bbox 476 1428 594 1486; x_wconf 89' lang='lat' dir='ltr'><strong>vulnera</strong></span> <span class='ocrx_word' id='word_1_95' title='bbox 620 1447 673 1504; x_wconf 92' lang='lat' dir='ltr'><strong>per</strong></span> <span class='ocrx_word' id='word_1_96' title='bbox 700 1428 788 1486; x_wconf 90' lang='lat' dir='ltr'><strong>fidem</strong></span> <span class='ocrx_word' id='word_1_97' title='bbox 819 1429 955 1506; x_wconf 90' lang='lat' dir='ltr'><strong>imposita</strong></span> <span class='ocrx_word' id='word_1_98' title='bbox 985 1438 1150 1505; x_wconf 90' lang='lat' dir='ltr'><strong>paterentur</strong></span> 
     </span>
     <span class='ocr_line' id='line_1_14' title="bbox 158 1526 1150 1604; baseline 0 -20"><span class='ocrx_word' id='word_1_99' title='bbox 158 1528 307 1603; x_wconf 87' lang='lat' dir='ltr'><strong>impunita,</strong></span> <span class='ocrx_word' id='word_1_100' title='bbox 325 1543 524 1602; x_wconf 90' lang='lat' dir='ltr'><strong>conversoque</strong></span> <span class='ocrx_word' id='word_1_101' title='bbox 544 1543 621 1600; x_wconf 92' lang='lat' dir='ltr'><strong>equo</strong></span> <span class='ocrx_word' id='word_1_102' title='bbox 642 1543 673 1582; x_wconf 93' lang='lat' dir='ltr'><strong>se</strong></span> <span class='ocrx_word' id='word_1_103' title='bbox 695 1543 713 1583; x_wconf 90' lang='lat' dir='ltr'><strong>a</strong></span> <span class='ocrx_word' id='word_1_104' title='bbox 730 1526 831 1586; x_wconf 91' lang='lat' dir='ltr'><strong>ceteris</strong></span> <span class='ocrx_word' id='word_1_105' title='bbox 852 1527 993 1586; x_wconf 88' lang='lat' dir='ltr'><strong>incautius</strong></span> <span class='ocrx_word' id='word_1_106' title='bbox 1012 1528 1150 1604; x_wconf 89' lang='lat' dir='ltr'><strong>permittit</strong></span> 
     </span>
     <span class='ocr_line' id='line_1_15' title="bbox 158 1623 1150 1701; baseline 0.003 -20"><span class='ocrx_word' id='word_1_107' title='bbox 158 1625 189 1681; x_wconf 90' lang='lat' dir='ltr'><strong>in</strong></span> <span class='ocrx_word' id='word_1_108' title='bbox 219 1623 404 1700; x_wconf 88' lang='lat' dir='ltr'><strong>praefectum.</strong></span> <span class='ocrx_word' id='word_1_109' title='bbox 447 1623 569 1682; x_wconf 88' lang='lat' dir='ltr'><strong>Faciunt</strong></span> <span class='ocrx_word' id='word_1_110' title='bbox 602 1623 659 1681; x_wconf 94' lang='lat' dir='ltr'><strong>hoc</strong></span> <span class='ocrx_word' id='word_1_111' title='bbox 694 1623 772 1682; x_wconf 91' lang='lat' dir='ltr'><strong>idem</strong></span> <span class='ocrx_word' id='word_1_112' title='bbox 807 1642 911 1684; x_wconf 89' lang='lat' dir='ltr'><strong>omnes</strong></span> <span class='ocrx_word' id='word_1_113' title='bbox 945 1626 1007 1685; x_wconf 91' lang='lat' dir='ltr'><strong>eius</strong></span> <span class='ocrx_word' id='word_1_114' title='bbox 1040 1626 1150 1701; x_wconf 91' lang='lat' dir='ltr'><strong>equites</strong></span> 
     </span>
     <span class='ocr_line' id='line_1_16' title="bbox 159 1721 1194 1800; baseline 0.001 -18"><span class='ocrx_word' id='word_1_115' title='bbox 159 1741 327 1800; x_wconf 86' lang='lat' dir='ltr'><strong>paucosque</strong></span> <span class='ocrx_word' id='word_1_116' title='bbox 341 1732 457 1780; x_wconf 90' lang='lat' dir='ltr'><strong>nostros</strong></span> <span class='ocrx_word' id='word_1_117' title='bbox 473 1730 642 1780; x_wconf 89' lang='lat' dir='ltr'><strong>convertunt</strong></span> <span class='ocrx_word' id='word_1_118' title='bbox 656 1730 743 1797; x_wconf 90' lang='lat' dir='ltr'><strong>atque</strong></span> <span class='ocrx_word' id='word_1_119' title='bbox 757 1721 956 1797; x_wconf 90' lang='lat' dir='ltr'><strong>insequuntur.</strong></span> <span class='ocrx_word' id='word_1_120' title='bbox 1000 1722 1150 1782; x_wconf 91' lang='lat' dir='ltr'><strong>Commius</strong></span> <span class='ocrx_word' id='word_1_121' title='bbox 1166 1750 1194 1798; x_wconf 88' lang='lat'><strong>15</strong></span> 
     </span>
     <span class='ocr_line' id='line_1_17' title="bbox 159 1819 1150 1895; baseline -0.001 -16"><span class='ocrx_word' id='word_1_122' title='bbox 159 1824 310 1881; x_wconf 90' lang='lat' dir='ltr'><strong>incensum</strong></span> <span class='ocrx_word' id='word_1_123' title='bbox 333 1819 491 1879; x_wconf 89' lang='lat' dir='ltr'><strong>calcaribus</strong></span> <span class='ocrx_word' id='word_1_124' title='bbox 515 1837 623 1894; x_wconf 91' lang='lat' dir='ltr'><strong>equum</strong></span> <span class='ocrx_word' id='word_1_125' title='bbox 645 1820 796 1894; x_wconf 86' lang='lat' dir='ltr'><strong>coniungit</strong></span> <span class='ocrx_word' id='word_1_126' title='bbox 818 1838 894 1895; x_wconf 93' lang='lat' dir='ltr'><strong>equo</strong></span> <span class='ocrx_word' id='word_1_127' title='bbox 920 1819 1062 1892; x_wconf 88' lang='lat' dir='ltr'><strong>Quadrati</strong></span> <span class='ocrx_word' id='word_1_128' title='bbox 1088 1821 1150 1879; x_wconf 89' lang='lat' dir='ltr'><strong>lan-</strong></span> 
     </span>
     <span class='ocr_line' id='line_1_18' title="bbox 160 1917 1150 1996; baseline 0.001 -18"><span class='ocrx_word' id='word_1_129' title='bbox 160 1938 269 1996; x_wconf 87' lang='lat' dir='ltr'><strong>ceaque</strong></span> <span class='ocrx_word' id='word_1_130' title='bbox 283 1918 387 1976; x_wconf 87' lang='lat' dir='ltr'><strong>infesta</strong></span> <span class='ocrx_word' id='word_1_131' title='bbox 397 1918 511 1994; x_wconf 84' lang='lat' dir='ltr'><strong>magnis</strong></span> <span class='ocrx_word' id='word_1_132' title='bbox 522 1917 627 1975; x_wconf 90' lang='lat' dir='ltr'><strong>viribus</strong></span> <span class='ocrx_word' id='word_1_133' title='bbox 639 1917 769 1975; x_wconf 89' lang='lat' dir='ltr'><strong>medium</strong></span> <span class='ocrx_word' id='word_1_134' title='bbox 780 1917 873 1976; x_wconf 88' lang='lat' dir='ltr'><strong>femur</strong></span> <span class='ocrx_word' id='word_1_135' title='bbox 886 1919 988 1976; x_wconf 91' lang='lat' dir='ltr'><strong>traiicit</strong></span> <span class='ocrx_word' id='word_1_136' title='bbox 1000 1919 1150 1979; x_wconf 88' lang='lat' dir='ltr'><strong>Voluseni.</strong></span> 
     </span>
     <span class='ocr_line' id='line_1_19' title="bbox 160 2014 1151 2076; baseline -0.001 0"><span class='ocrx_word' id='word_1_137' title='bbox 160 2017 309 2076; x_wconf 85' lang='lat' dir='ltr'><strong>Praefecto</strong></span> <span class='ocrx_word' id='word_1_138' title='bbox 322 2016 470 2074; x_wconf 89' lang='lat' dir='ltr'><strong>vulnerato</strong></span> <span class='ocrx_word' id='word_1_139' title='bbox 485 2032 545 2072; x_wconf 91' lang='lat' dir='ltr'><strong>non</strong></span> <span class='ocrx_word' id='word_1_140' title='bbox 564 2014 694 2072; x_wconf 89' lang='lat' dir='ltr'><strong>dubitant</strong></span> <span class='ocrx_word' id='word_1_141' title='bbox 708 2015 798 2072; x_wconf 92' lang='lat' dir='ltr'><strong>nostri</strong></span> <span class='ocrx_word' id='word_1_142' title='bbox 818 2015 948 2074; x_wconf 91' lang='lat' dir='ltr'><strong>resistere</strong></span> <span class='ocrx_word' id='word_1_143' title='bbox 963 2026 991 2074; x_wconf 90' lang='lat' dir='ltr'><strong>et</strong></span> <span class='ocrx_word' id='word_1_144' title='bbox 1005 2018 1151 2075; x_wconf 89' lang='lat' dir='ltr'><strong>conversis</strong></span> 
     </span>
     <span class='ocr_line' id='line_1_20' title="bbox 160 2095 1151 2191; baseline 0 -17"><span class='ocrx_word' id='word_1_145' title='bbox 160 2117 243 2191; x_wconf 90' lang='lat' dir='ltr'><strong>equis</strong></span> <span class='ocrx_word' id='word_1_146' title='bbox 270 2115 385 2172; x_wconf 89' lang='lat' dir='ltr'><strong>hostem</strong></span> <span class='ocrx_word' id='word_1_147' title='bbox 413 2113 528 2188; x_wconf 90' lang='lat' dir='ltr'><strong>pellere.</strong></span> <span class='ocrx_word' id='word_1_148' title='bbox 571 2110 661 2182; x_wconf 91' lang='lat' dir='ltr'><strong>Quod</strong></span> <span class='ocrx_word' id='word_1_149' title='bbox 682 2112 733 2169; x_wconf 91' lang='lat' dir='ltr'><strong>ubi</strong></span> <span class='ocrx_word' id='word_1_150' title='bbox 755 2111 869 2182; x_wconf 89' lang='lat' dir='ltr'><strong>accidit,</strong></span> <span class='ocrx_word' id='word_1_151' title='bbox 892 2095 1057 2190; x_wconf 91' lang='lat' dir='ltr'><strong>complures</strong></span> <span class='ocrx_word' id='word_1_152' title='bbox 1082 2115 1151 2174; x_wconf 93' lang='lat' dir='ltr'><strong>hos·</strong></span> 
     </span>
     <span class='ocr_line' id='line_1_21' title="bbox 161 2209 1197 2288; baseline 0.001 -17"><span class='ocrx_word' id='word_1_153' title='bbox 161 2215 233 2272; x_wconf 92' lang='lat' dir='ltr'><strong>tium</strong></span> <span class='ocrx_word' id='word_1_154' title='bbox 264 2228 374 2288; x_wconf 86' lang='lat' dir='ltr'><strong>magno</strong></span> <span class='ocrx_word' id='word_1_155' title='bbox 405 2220 571 2269; x_wconf 91' lang='lat' dir='ltr'><strong>nostrorum</strong></span> <span class='ocrx_word' id='word_1_156' title='bbox 602 2211 712 2285; x_wconf 90' lang='lat' dir='ltr'><strong>impetu</strong></span> <span class='ocrx_word' id='word_1_157' title='bbox 742 2209 866 2285; x_wconf 90' lang='lat' dir='ltr'><strong>perculsi</strong></span> <span class='ocrx_word' id='word_1_158' title='bbox 900 2212 1084 2270; x_wconf 89' lang='lat' dir='ltr'><strong>vulnerantur</strong></span> <span class='ocrx_word' id='word_1_159' title='bbox 1117 2231 1151 2272; x_wconf 92' lang='lat' dir='ltr'><strong>ac</strong></span> <span class='ocrx_word' id='word_1_160' title='bbox 1166 2239 1197 2271; x_wconf 64' lang='grc' dir='ltr'><strong>ιο</strong></span> 
     </span>
     <span class='ocr_line' id='line_1_22' title="bbox 159 2307 1232 2387; baseline 0.001 -19"><span class='ocrx_word' id='word_1_161' title='bbox 159 2311 265 2387; x_wconf 89' lang='lat' dir='ltr'><strong>partim</strong></span> <span class='ocrx_word' id='word_1_162' title='bbox 291 2310 322 2367; x_wconf 91' lang='lat' dir='ltr'><strong>in</strong></span> <span class='ocrx_word' id='word_1_163' title='bbox 349 2308 419 2384; x_wconf 86' lang='lat' dir='ltr'><strong>fuga</strong></span> <span class='ocrx_word' id='word_1_164' title='bbox 446 2317 637 2384; x_wconf 88' lang='lat' dir='ltr'><strong>proteruntur,</strong></span> <span class='ocrx_word' id='word_1_165' title='bbox 666 2308 770 2384; x_wconf 84' lang='lat' dir='ltr'><strong>partim</strong></span> <span class='ocrx_word' id='word_1_166' title='bbox 802 2307 1019 2384; x_wconf 88' lang='lat' dir='ltr'><strong>intercipiuntur</strong></span> <span class='ocrx_word' id='word_1_167' title='bbox 1026 2328 1034 2381; x_wconf 91' lang='lat'>;</span> <span class='ocrx_word' id='word_1_168' title='bbox 1070 2312 1151 2386; x_wconf 93' lang='lat' dir='ltr'><strong>quod</strong></span> <span class='ocrx_word' id='word_1_169' title='bbox 1229 2342 1232 2348; x_wconf 71' lang='lat'><strong>,</strong></span> 
     </span>
     <span class='ocr_line' id='line_1_23' title="bbox 160 2405 1150 2483; baseline 0 -17"><span class='ocrx_word' id='word_1_170' title='bbox 160 2409 269 2466; x_wconf 89' lang='lat' dir='ltr'><strong>malum</strong></span> <span class='ocrx_word' id='word_1_171' title='bbox 288 2407 347 2466; x_wconf 88' lang='lat' dir='ltr'><strong>dux</strong></span> <span class='ocrx_word' id='word_1_172' title='bbox 366 2407 433 2483; x_wconf 93' lang='lat' dir='ltr'><strong>equi</strong></span> <span class='ocrx_word' id='word_1_173' title='bbox 452 2406 604 2465; x_wconf 91' lang='lat' dir='ltr'><strong>velocitate</strong></span> <span class='ocrx_word' id='word_1_174' title='bbox 624 2405 753 2464; x_wconf 89' lang='lat' dir='ltr'><strong>evitavit:</strong></span> <span class='ocrx_word' id='word_1_175' title='bbox 776 2423 810 2464; x_wconf 87' lang='lat' dir='ltr'><strong>ac</strong></span> <span class='ocrx_word' id='word_1_176' title='bbox 831 2405 872 2464; x_wconf 84' lang='lat' dir='ltr'><strong>sic</strong></span> <span class='ocrx_word' id='word_1_177' title='bbox 892 2406 1002 2481; x_wconf 90' lang='lat' dir='ltr'><strong>proelio</strong></span> <span class='ocrx_word' id='word_1_178' title='bbox 1022 2408 1150 2467; x_wconf 89' lang='lat' dir='ltr'><strong>secundo</strong></span> 
     </span>
     <span class='ocr_line' id='line_1_24' title="bbox 161 2504 1151 2583; baseline 0.002 -19"><span class='ocrx_word' id='word_1_179' title='bbox 161 2507 283 2583; x_wconf 83' lang='lat' dir='ltr'><strong>graviter</strong></span> <span class='ocrx_word' id='word_1_180' title='bbox 310 2507 347 2564; x_wconf 93' lang='lat' dir='ltr'><strong>ab</strong></span> <span class='ocrx_word' id='word_1_181' title='bbox 374 2523 411 2564; x_wconf 90' lang='lat' dir='ltr'><strong>eo</strong></span> <span class='ocrx_word' id='word_1_182' title='bbox 438 2505 602 2564; x_wconf 88' lang='lat' dir='ltr'><strong>vulneratus</strong></span> <span class='ocrx_word' id='word_1_183' title='bbox 628 2504 799 2582; x_wconf 89' lang='lat' dir='ltr'><strong>praefectus,</strong></span> <span class='ocrx_word' id='word_1_184' title='bbox 826 2513 858 2563; x_wconf 90' lang='lat' dir='ltr'><strong>ut</strong></span> <span class='ocrx_word' id='word_1_185' title='bbox 888 2505 962 2564; x_wconf 91' lang='lat' dir='ltr'><strong>vitae</strong></span> <span class='ocrx_word' id='word_1_186' title='bbox 993 2507 1151 2582; x_wconf 90' lang='lat' dir='ltr'><strong>periculum</strong></span> 
     </span>
     <span class='ocr_line' id='line_1_25' title="bbox 161 2602 1150 2676; baseline 0 -12"><span class='ocrx_word' id='word_1_187' title='bbox 161 2607 288 2664; x_wconf 90' lang='lat' dir='ltr'><strong>aditurus</strong></span> <span class='ocrx_word' id='word_1_188' title='bbox 322 2604 470 2676; x_wconf 88' lang='lat' dir='ltr'><strong>videretur,</strong></span> <span class='ocrx_word' id='word_1_189' title='bbox 505 2603 625 2661; x_wconf 89' lang='lat' dir='ltr'><strong>refertur</strong></span> <span class='ocrx_word' id='word_1_190' title='bbox 657 2604 688 2661; x_wconf 92' lang='lat' dir='ltr'><strong>in</strong></span> <span class='ocrx_word' id='word_1_191' title='bbox 723 2611 824 2662; x_wconf 89' lang='lat' dir='ltr'><strong>castra.</strong></span> <span class='ocrx_word' id='word_1_192' title='bbox 867 2602 1019 2666; x_wconf 89' lang='lat' dir='ltr'><strong>Commius</strong></span> <span class='ocrx_word' id='word_1_193' title='bbox 1053 2617 1150 2665; x_wconf 88' lang='lat' dir='ltr'><strong>autern</strong></span> 
     </span>
    </p>
   </div>
   <div class='ocr_carea' id='block_1_3' title="bbox 160 2701 1195 2872">
    <p class='ocr_par' dir='ltr' id='par_1_3' title="bbox 160 2701 1195 2872">
     <span class='ocr_line' id='line_1_26' title="bbox 161 2701 1195 2778; baseline -0.004 -16"><span class='ocrx_word' id='word_1_194' title='bbox 161 2705 220 2762; x_wconf 90' lang='lat' dir='ltr'><strong>sive</strong></span> <span class='ocrx_word' id='word_1_195' title='bbox 242 2703 359 2778; x_wconf 87' lang='lat' dir='ltr'><strong>expiato</strong></span> <span class='ocrx_word' id='word_1_196' title='bbox 384 2719 437 2760; x_wconf 92' lang='lat' dir='ltr'><strong>suo</strong></span> <span class='ocrx_word' id='word_1_197' title='bbox 460 2701 559 2760; x_wconf 90' lang='lat' dir='ltr'><strong>dolore</strong></span> <span class='ocrx_word' id='word_1_198' title='bbox 584 2701 643 2758; x_wconf 91' lang='lat' dir='ltr'><strong>sive</strong></span> <span class='ocrx_word' id='word_1_199' title='bbox 667 2718 775 2775; x_wconf 86' lang='lat' dir='ltr'><strong>magna</strong></span> <span class='ocrx_word' id='word_1_200' title='bbox 797 2711 878 2776; x_wconf 88' lang='lat' dir='ltr'><strong>parte</strong></span> <span class='ocrx_word' id='word_1_201' title='bbox 901 2703 1008 2761; x_wconf 89' lang='lat' dir='ltr'><strong>amissa</strong></span> <span class='ocrx_word' id='word_1_202' title='bbox 1031 2722 1149 2762; x_wconf 90' lang='lat' dir='ltr'><strong>suorum</strong></span> <span class='ocrx_word' id='word_1_203' title='bbox 1166 2724 1195 2773; x_wconf 86' lang='lat'><strong>25</strong></span> 
     </span>
     <span class='ocr_line' id='line_1_27' title="bbox 160 2795 1151 2872; baseline 0.002 -18"><span class='ocrx_word' id='word_1_204' title='bbox 160 2797 272 2872; x_wconf 85' lang='lat' dir='ltr'><strong>legatos</strong></span> <span class='ocrx_word' id='word_1_205' title='bbox 304 2797 342 2854; x_wconf 89' lang='lat' dir='ltr'><strong>ab</strong></span> <span class='ocrx_word' id='word_1_206' title='bbox 376 2795 537 2853; x_wconf 90' lang='lat' dir='ltr'><strong>Antonium</strong></span> <span class='ocrx_word' id='word_1_207' title='bbox 569 2795 654 2851; x_wconf 88' lang='lat' dir='ltr'><strong>mittit</strong></span> <span class='ocrx_word' id='word_1_208' title='bbox 686 2811 775 2869; x_wconf 91' lang='lat' dir='ltr'><strong>seque</strong></span> <span class='ocrx_word' id='word_1_209' title='bbox 808 2803 837 2854; x_wconf 91' lang='lat' dir='ltr'><strong>et</strong></span> <span class='ocrx_word' id='word_1_210' title='bbox 866 2795 906 2852; x_wconf 92' lang='lat' dir='ltr'><strong>ibi</strong></span> <span class='ocrx_word' id='word_1_211' title='bbox 938 2795 1074 2869; x_wconf 91' lang='lat' dir='ltr'><strong>futurum,</strong></span> <span class='ocrx_word' id='word_1_212' title='bbox 1101 2799 1151 2856; x_wconf 90' lang='lat' dir='ltr'><strong>ubi</strong></span> 
     </span>
    </p>
   </div>
   <div class='ocr_carea' id='block_1_4' title="bbox 159 2891 1195 3654">
    <p class='ocr_par' dir='ltr' id='par_1_4' title="bbox 160 2891 1195 3362">
     <span class='ocr_line' id='line_1_28' title="bbox 161 2891 1149 2972; baseline 0.002 -21"><span class='ocrx_word' id='word_1_213' title='bbox 161 2893 382 2972; x_wconf 90' lang='lat' dir='ltr'><strong>praescripserit,</strong></span> <span class='ocrx_word' id='word_1_214' title='bbox 410 2903 440 2951; x_wconf 93' lang='lat' dir='ltr'><strong>et</strong></span> <span class='ocrx_word' id='word_1_215' title='bbox 469 2911 505 2951; x_wconf 89' lang='lat' dir='ltr'><strong>ea</strong></span> <span class='ocrx_word' id='word_1_216' title='bbox 532 2891 682 2963; x_wconf 88' lang='lat' dir='ltr'><strong>iacturum,</strong></span> <span class='ocrx_word' id='word_1_217' title='bbox 712 2910 786 2968; x_wconf 90' lang='lat' dir='ltr'><strong>quae</strong></span> <span class='ocrx_word' id='word_1_218' title='bbox 817 2892 971 2970; x_wconf 88' lang='lat' dir='ltr'><strong>imperarit,</strong></span> <span class='ocrx_word' id='word_1_219' title='bbox 1000 2895 1149 2954; x_wconf 93' lang='lat' dir='ltr'><strong>obsidibus</strong></span> 
     </span>
     <span class='ocr_line' id='line_1_29' title="bbox 161 2990 1150 3062; baseline 0.002 -14"><span class='ocrx_word' id='word_1_220' title='bbox 161 2992 264 3062; x_wconf 89' lang='lat' dir='ltr'><strong>firmat,</strong></span> <span class='ocrx_word' id='word_1_221' title='bbox 285 3009 377 3048; x_wconf 92' lang='lat' dir='ltr'><strong>unum</strong></span> <span class='ocrx_word' id='word_1_222' title='bbox 398 2990 467 3048; x_wconf 94' lang='lat' dir='ltr'><strong>illud</strong></span> <span class='ocrx_word' id='word_1_223' title='bbox 488 2999 559 3060; x_wconf 91' lang='lat' dir='ltr'><strong>orat,</strong></span> <span class='ocrx_word' id='word_1_224' title='bbox 582 2998 614 3048; x_wconf 92' lang='lat' dir='ltr'><strong>ut</strong></span> <span class='ocrx_word' id='word_1_225' title='bbox 635 2990 732 3047; x_wconf 89' lang='lat' dir='ltr'><strong>timori</strong></span> <span class='ocrx_word' id='word_1_226' title='bbox 761 3008 815 3048; x_wconf 92' lang='lat' dir='ltr'><strong>suo</strong></span> <span class='ocrx_word' id='word_1_227' title='bbox 844 2990 1030 3062; x_wconf 89' lang='lat' dir='ltr'><strong>concedatur,</strong></span> <span class='ocrx_word' id='word_1_228' title='bbox 1055 3010 1091 3050; x_wconf 90' lang='lat' dir='ltr'><strong>ne</strong></span> <span class='ocrx_word' id='word_1_229' title='bbox 1120 2993 1150 3050; x_wconf 89' lang='lat' dir='ltr'><strong>in</strong></span> 
     </span>
     <span class='ocr_line' id='line_1_30' title="bbox 161 3085 1149 3164; baseline 0.001 -17"><span class='ocrx_word' id='word_1_230' title='bbox 161 3099 349 3164; x_wconf 90' lang='lat' dir='ltr'><strong>conspectum</strong></span> <span class='ocrx_word' id='word_1_231' title='bbox 385 3088 481 3146; x_wconf 90' lang='lat' dir='ltr'><strong>veniat</strong></span> <span class='ocrx_word' id='word_1_232' title='bbox 516 3087 685 3162; x_wconf 90' lang='lat' dir='ltr'><strong>cuiusquam</strong></span> <span class='ocrx_word' id='word_1_233' title='bbox 721 3085 857 3146; x_wconf 90' lang='lat' dir='ltr'><strong>Romani.</strong></span> <span class='ocrx_word' id='word_1_234' title='bbox 900 3087 990 3146; x_wconf 92' lang='lat' dir='ltr'><strong>Cuius</strong></span> <span class='ocrx_word' id='word_1_235' title='bbox 1023 3091 1149 3164; x_wconf 90' lang='lat' dir='ltr'><strong>postula-</strong></span> 
     </span>
     <span class='ocr_line' id='line_1_31' title="bbox 160 3185 1195 3260; baseline -0.001 -14"><span class='ocrx_word' id='word_1_236' title='bbox 160 3190 270 3246; x_wconf 89' lang='lat' dir='ltr'><strong>tionem</strong></span> <span class='ocrx_word' id='word_1_237' title='bbox 300 3188 445 3246; x_wconf 89' lang='lat' dir='ltr'><strong>Antonius</strong></span> <span class='ocrx_word' id='word_1_238' title='bbox 478 3204 544 3244; x_wconf 92' lang='lat' dir='ltr'><strong>cum</strong></span> <span class='ocrx_word' id='word_1_239' title='bbox 576 3187 714 3243; x_wconf 89' lang='lat' dir='ltr'><strong>iudicaret</strong></span> <span class='ocrx_word' id='word_1_240' title='bbox 746 3186 783 3243; x_wconf 91' lang='lat' dir='ltr'><strong>ab</strong></span> <span class='ocrx_word' id='word_1_241' title='bbox 818 3186 895 3244; x_wconf 87' lang='lat' dir='ltr'><strong>iusto</strong></span> <span class='ocrx_word' id='word_1_242' title='bbox 926 3185 1006 3244; x_wconf 90' lang='lat' dir='ltr'><strong>nasci</strong></span> <span class='ocrx_word' id='word_1_243' title='bbox 1037 3186 1149 3260; x_wconf 88' lang='lat' dir='ltr'><strong>timore,</strong></span> <span class='ocrx_word' id='word_1_244' title='bbox 1163 3209 1195 3258; x_wconf 81' lang='lat'><strong>30</strong></span> 
     </span>
     <span class='ocr_line' id='line_1_32' title="bbox 160 3284 792 3362; baseline 0 -19"><span class='ocrx_word' id='word_1_245' title='bbox 160 3287 275 3344; x_wconf 88' lang='lat' dir='ltr'><strong>veniam</strong></span> <span class='ocrx_word' id='word_1_246' title='bbox 296 3285 405 3362; x_wconf 87' lang='lat' dir='ltr'><strong>petenti</strong></span> <span class='ocrx_word' id='word_1_247' title='bbox 427 3284 513 3355; x_wconf 89' lang='lat' dir='ltr'><strong>dedit,</strong></span> <span class='ocrx_word' id='word_1_248' title='bbox 535 3284 652 3342; x_wconf 88' lang='lat' dir='ltr'><strong>obsides</strong></span> <span class='ocrx_word' id='word_1_249' title='bbox 673 3285 792 3358; x_wconf 89' lang='lat' dir='ltr'><strong>accepit.</strong></span> 
     </span>
    </p>

    <p class='ocr_par' dir='ltr' id='par_1_5' title="bbox 159 3379 1148 3654">
     <span class='ocr_line' id='line_1_33' title="bbox 162 3379 1148 3456; baseline 0 -15"><span class='ocrx_word' id='word_1_250' title='bbox 162 3425 165 3429; x_wconf 85' lang='lat'><em>-</em></span> <span class='ocrx_word' id='word_1_251' title='bbox 202 3383 269 3442; x_wconf 88' lang='lat' dir='ltr'><strong>Scio</strong></span> <span class='ocrx_word' id='word_1_252' title='bbox 293 3381 449 3442; x_wconf 88' lang='lat' dir='ltr'><strong>Caesarem</strong></span> <span class='ocrx_word' id='word_1_253' title='bbox 473 3381 650 3456; x_wconf 90' lang='lat' dir='ltr'><strong>singulorum</strong></span> <span class='ocrx_word' id='word_1_254' title='bbox 674 3398 817 3440; x_wconf 90' lang='lat' dir='ltr'><strong>annorum</strong></span> <span class='ocrx_word' id='word_1_255' title='bbox 845 3379 975 3456; x_wconf 80' lang='lat' dir='ltr'><strong>singulos</strong></span> <span class='ocrx_word' id='word_1_256' title='bbox 1000 3399 1148 3442; x_wconf 90' lang='lat' dir='ltr'><strong>commen·</strong></span> 
     </span>
     <span class='ocr_line' id='line_1_34' title="bbox 160 3478 1148 3553; baseline 0.002 -15"><span class='ocrx_word' id='word_1_257' title='bbox 160 3481 248 3538; x_wconf 90' lang='lat' dir='ltr'><strong>tarios</strong></span> <span class='ocrx_word' id='word_1_258' title='bbox 282 3479 439 3538; x_wconf 91' lang='lat' dir='ltr'><strong>confecisse</strong></span> <span class='ocrx_word' id='word_1_259' title='bbox 450 3497 458 3550; x_wconf 93' lang='lat'>;</span> <span class='ocrx_word' id='word_1_260' title='bbox 494 3478 572 3553; x_wconf 94' lang='lat' dir='ltr'><strong>quod</strong></span> <span class='ocrx_word' id='word_1_261' title='bbox 603 3496 659 3553; x_wconf 87' lang='lat' dir='ltr'><strong>ego</strong></span> <span class='ocrx_word' id='word_1_262' title='bbox 694 3495 756 3536; x_wconf 89' lang='lat' dir='ltr'><strong>non</strong></span> <span class='ocrx_word' id='word_1_263' title='bbox 787 3478 946 3537; x_wconf 83' lang='lat' dir='ltr'><strong>existimavi</strong></span> <span class='ocrx_word' id='word_1_264' title='bbox 980 3478 1050 3536; x_wconf 89' lang='lat' dir='ltr'><strong>mihi</strong></span> <span class='ocrx_word' id='word_1_265' title='bbox 1084 3497 1148 3540; x_wconf 89' lang='lat' dir='ltr'><strong>esse</strong></span> 
     </span>
     <span class='ocr_line' id='line_1_35' title="bbox 159 3575 1148 3654; baseline -0.002 -16"><span class='ocrx_word' id='word_1_266' title='bbox 159 3577 333 3650; x_wconf 84' lang='lat' dir='ltr'><strong>faciendum,</strong></span> <span class='ocrx_word' id='word_1_267' title='bbox 367 3586 519 3654; x_wconf 86' lang='lat' dir='ltr'><strong>propterea</strong></span> <span class='ocrx_word' id='word_1_268' title='bbox 548 3575 627 3652; x_wconf 92' lang='lat' dir='ltr'><strong>quod</strong></span> <span class='ocrx_word' id='word_1_269' title='bbox 660 3575 816 3650; x_wconf 90' lang='lat' dir='ltr'><strong>insequens</strong></span> <span class='ocrx_word' id='word_1_270' title='bbox 849 3593 951 3649; x_wconf 88' lang='lat' dir='ltr'><strong>annus,</strong></span> <span class='ocrx_word' id='word_1_271' title='bbox 983 3575 1016 3636; x_wconf 92' lang='lat' dir='ltr'><strong>L.</strong></span> <span class='ocrx_word' id='word_1_272' title='bbox 1048 3575 1148 3651; x_wconf 82' lang='lat' dir='ltr'><strong>Paulo,</strong></span> 
     </span>
    </p>
   </div>
   <div class='ocr_carea' id='block_1_5' title="bbox 0 0 1333 3928">
    <p class='ocr_par' dir='ltr' id='par_1_6' title="bbox 0 0 1333 3928">
     <span class='ocr_line' id='line_1_36' title="bbox 0 0 1333 3928; baseline 0 0"><span class='ocrx_word' id='word_1_273' title='bbox 0 0 1333 3928; x_wconf 95' lang='lat' dir='ltr'><strong> </strong></span> 
     </span>
    </p>
   </div>
  </div>
 </body>
</html>
