2634 3914
190 216 252 283 130
515 213 544 263 c.
566 213 658 264 tumr
679 211 851 262 crassum
1132 219 1175 264 vr.

189 372 290 422 evocat
311 381 362 439 spe
383 361 507 440 praedae
529 362 566 421 ad
591 362 767 438 diripiendos
790 362 953 434 Eburones,
973 371 1005 422 ut
1028 363 1124 439 potius
1148 363 1177 420 in

188 460 264 518 silvis
292 459 443 519 Gallorum
473 461 530 518 vita
561 478 649 536 quam
679 460 854 536 legionarius
884 461 967 520 miles
998 461 1176 538 periclitetur,

188 557 274 614 simul
300 566 332 614 ut
359 575 467 634 magna
490 557 670 616 multitudine
697 557 870 616 circumfusa
897 572 950 633 pro
978 558 1026 616 tali
1050 557 1177 617 facinore

188 655 273 731 stirps
287 673 445 714 nonomen
459 655 577 714 civitatis
591 655 713 714 tollatur.
754 654 882 732 Magnus
896 655 1024 732 undique
1041 673 1178 716 numerus

162 768 176 818 s
189 753 316 811 celeriter
329 753 471 811 convenit.

228 857 280 911 35.
301 851 386 910 Haec
413 852 444 909 in
471 851 607 910 omnibus
633 851 806 912 Eburonum
824 851 961 928 partibus
994 851 1175 926 gerebantur,

188 948 307 1025 diesque
339 951 495 1026 appetebat
525 950 674 1025 septimus,
709 967 797 1025 quem
827 949 866 1008 ad
893 949 971 1008 diem
1003 947 1111 1008 Caesar
1140 949 1176 1008 ad

187 1045 393 1122 impedimenta
412 1047 615 1124 legionemque
636 1047 739 1106 reverti
754 1049 948 1106 constituerat.
990 1046 1057 1118 Hic,
1075 1057 1176 1123 quant·

188 1161 237 1200 unt
265 1145 295 1202 in
322 1145 398 1204 bello
422 1145 538 1204 fortuna
562 1145 654 1221 possit
678 1154 707 1203 et
731 1154 855 1220 quantos
883 1144 983 1202 afferat
1007 1163 1100 1215 casus,
1126 1162 1175 1202 co·

146 1257 176 1291 10
187 1243 288 1317 gnosci
309 1245 411 1318 potuit.
452 1243 607 1319 Dissipatis
626 1261 660 1302 ac
678 1242 832 1319 perterritis
850 1241 990 1312 hostibus,
1006 1251 1037 1300 ut
1057 1243 1177 1302 demon·

187 1341 344 1413 stravimus,
372 1359 476 1401 manus
504 1351 565 1399 erat
590 1341 677 1411 nulla,
700 1358 775 1416 quae
798 1357 917 1416 parvam
943 1340 1035 1398 modo
1059 1355 1176 1400 causam

186 1436 296 1496 timoris
330 1439 452 1498 afferret.
494 1439 591 1498 Trans
622 1437 759 1496 Rhenum
786 1437 824 1496 ad
855 1435 1018 1496 Germanos
1048 1437 1177 1513 pervenit

187 1533 272 1606 fama,
306 1535 389 1611 diripi
420 1535 574 1594 Eburones
606 1544 692 1612 atque
723 1535 798 1594 ultro
832 1552 935 1594 omnes
969 1535 1007 1594 ad
1039 1533 1176 1611 praedam

186 1632 309 1691 evocari.
350 1632 469 1709 Cogunt
492 1633 624 1710 equitum
651 1633 709 1692 duo
736 1632 815 1690 milia
843 1631 1005 1708 Sugambri,
1033 1633 1082 1709 qui
1110 1642 1176 1691 sunt

145 1751 174 1799 15
187 1729 311 1804 proximi
329 1729 444 1801 Rheno,
461 1749 479 1788 a
496 1731 600 1806 quibus
616 1739 748 1805 receptos
765 1748 801 1788 ex
818 1729 888 1805 fuga
906 1729 1068 1788 Tencteros
1090 1739 1176 1806 atque

187 1826 323 1903 Usipetes
356 1846 443 1904 supra
475 1829 636 1888 docuimus.
687 1829 854 1888 Transeunt
887 1827 1024 1888 Rhenum
1054 1830 1175 1888 navibus

186 1926 351 2001 ratibusque
376 1927 491 2003 triginta
514 1926 628 1984 milibus
650 1943 791 2002 passuum
815 1926 889 1986 infra
912 1945 979 1986 eum
999 1927 1105 1998 locum,
1126 1927 1176 1984 ubi

186 2040 261 2100 pons
289 2033 350 2082 erat
376 2024 519 2101 perfectus
552 2025 783 2101 praesidiumque
811 2025 848 2084 ab
876 2024 1001 2086 Caesare
1028 2025 1175 2085 relictum:

185 2121 295 2197 primos
315 2120 487 2182 Eburonum
507 2123 580 2182 lines
601 2123 726 2195 adeunt;
753 2123 860 2182 multos
882 2142 919 2182 ex
940 2123 1009 2199 fuga
1030 2123 1176 2198 dispersos

143 2237 174 2272 ro
185 2219 338 2294 excipiunt,
365 2238 474 2297 magno
502 2220 615 2297 pecoris
643 2237 773 2290 numero,
794 2221 876 2279 cuius
904 2231 971 2282 sunt
997 2220 1176 2296 cupidissimi

184 2316 307 2388 barbari,
346 2319 502 2395 potiuntur.
551 2317 665 2376 Invitati
704 2317 812 2394 praeda
850 2318 965 2394 longius
1002 2317 1174 2394 procedunt.

185 2412 257 2472 Non
283 2414 338 2474 hos
365 2416 449 2492 palus
474 2416 506 2472 in
532 2415 609 2473 bello
636 2416 850 2492 latrociniisque
876 2426 969 2487 natos,
997 2429 1059 2476 non
1087 2416 1177 2475 silvae

185 2521 340 2569 morantur.
383 2510 497 2584 Quibus
522 2512 552 2570 iu
573 2512 645 2570 locis
670 2513 705 2571 sit
730 2512 845 2586 Caesar,
868 2532 905 2572 ex
929 2514 1049 2590 captivis
1073 2531 1177 2590 quaer·

184 2618 238 2666 unt
245 2627 254 2681 ;
278 2608 452 2684 ¹proiectum
478 2609 593 2685 longius
627 2610 773 2686 reperiunt
806 2628 984 2687 omnemque
1017 2612 1177 2671 exercitum

142 2723 172 2773 25
186 2705 351 2766 discessisse
379 2698 572 2783 cognoscunt.
611 2709 709 2785 Atque
736 2727 812 2770 unus
840 2711 877 2768 eir
905 2709 1043 2785 captivis:
1076 2709 1178 2781 ‘Quid

184 2805 253 2875 vos,'
275 2806 376 2883 inquit,
394 2806 486 2865 ‘hanc
507 2807 641 2865 miseram
661 2824 696 2866 ac
717 2817 834 2866 tenuem
855 2808 1005 2868 sectamini
1025 2809 1177 2884 praedam,

184 2903 289 2980 quibus
330 2904 397 2963 licet
437 2905 495 2962 iam
536 2922 601 2964 esse
642 2903 893 2964 fortunatissimis?
948 2904 1056 2965 Tribus
1094 2905 1179 2965 horis

183 3001 366 3060 Aduatucam
400 3003 495 3062 venire
529 3003 666 3079 potestis:
708 3002 766 3061 huc
800 3019 904 3063 ornnes
942 3021 1008 3062 suas
1043 3003 1177 3063 fortunas

183 3100 325 3158 exercitus
345 3098 548 3158 Romanorum
568 3101 705 3159 contulit:
727 3101 860 3177 praesidii
881 3110 994 3160 tantum
1014 3111 1066 3172 est,
1087 3112 1119 3158 ut
1135 3119 1178 3162 ne

140 3211 282 3261 30murus
310 3198 427 3274 quidem
451 3199 528 3273 cingi
553 3199 652 3274 possit,
677 3217 773 3275 neque
797 3200 951 3276 quisquam
973 3199 1071 3275 egredi
1093 3209 1179 3258 extra

182 3295 357 3354 munitiones
392 3295 513 3354 audeat!
569 3295 676 3355 Oblata
709 3314 761 3372 spe
797 3296 937 3356 Germani
972 3316 1061 3375 quam
1095 3299 1178 3356 nacti

183 3400 263 3449 erant
296 3392 434 3467 praedam
467 3393 498 3450 in
532 3393 645 3452 occulto
679 3394 862 3472 relinquunt;
902 3395 957 3471 ipsi
989 3395 1179 3453 Aduatucam

183 3488 362 3549 contendunt
375 3490 421 3548 usi
434 3490 538 3549 eodem
552 3491 634 3564 duce,
648 3493 729 3551 cuius
748 3493 820 3553 haec
838 3493 944 3552 indicio
965 3503 1177 3568 cognoverant.
