2606 3934
195 203 235 268 26
515 221 543 268 o.
565 219 659 268 rurrr
679 218 852 268 crassam
1155 219 1178 270 1.

193 365 307 424 facere:
335 367 492 443 pollicitum
517 369 600 428 sein
621 369 747 428 cohortis
768 367 927 446 praetoriae
947 369 1013 428 loco
1038 367 1179 427 decimam

194 463 338 538 legionem
349 465 519 537 habiturum,
532 467 570 525 ad
580 486 687 544 equum
697 469 860 526 rescribere.
894 473 946 526 43.
968 466 1109 526 Planicies
1120 476 1179 523 erat

194 579 302 636 magna
321 564 398 621 et'in
416 582 452 622 ea
469 565 595 624 tumulus
615 576 744 624 terrenus
766 566 834 624 satis
855 565 979 642 grandis.
1022 563 1080 622 Hic
1100 564 1179 622 locus

195 677 288 734 aequo
299 660 357 718 fere
371 663 464 737 spatio
479 663 517 720 ab
531 665 628 721 castris
640 663 775 721 Ariovisti
789 672 817 720 et
832 661 965 721 Caesaris
977 663 1083 721 aberat.
1126 660 1179 732 Eo,
1241 701 1243 706 ι

144 740 149 754 ’
166 766 225 821 sut
244 767 304 816 erat
318 757 434 830 dictum,
449 759 487 818 ad
505 760 680 836 colloquium
698 769 844 818 venerunt.
887 759 1050 835 Legionem
1065 759 1179 828 Caesar,

194 871 283 930 quarn
294 857 375 932 equis
386 867 508 927 vexerat,
519 858 651 933 passibus
662 857 792 916 ducentis
806 858 890 916 abeo
904 857 1015 916 tumulo
1027 844 1190 916 constituit.¹

194 952 270 1010 Item
280 955 390 1030 equites
401 955 534 1013 Ariovisti
546 956 607 1030 pari
617 955 763 1013 intervallo
775 955 971 1013 constiterunt.
1012 954 1180 1023 Ariovistus,

194 1069 231 1108 ex
250 1053 331 1127 equis
351 1061 382 1110 ut
403 1053 632 1128 colloquerentur
652 1062 681 1110 et
701 1063 813 1128 praeter
833 1071 864 1112 se
885 1053 977 1111 denos
997 1062 1028 1110 ut
1042 1053 1080 1110 ad
1094 1052 1181 1110 collo·

195 1149 295 1224 quium
315 1150 498 1221 adducerent,
519 1150 679 1227 postulavit.
721 1149 779 1207 Ubi
800 1167 836 1208 eo
857 1160 976 1208 ventum
1000 1159 1051 1220 est,
1076 1148 1182 1208 Caesar

153 1270 183 1305 ro
195 1247 275 1304 initio
294 1249 431 1306 orationis
441 1288 442 1292 ,
452 1267 505 1306 sua
523 1257 696 1322 senatusque
714 1247 745 1305 in
763 1265 830 1305 eum
844 1248 985 1312 beneficia
999 1265 1181 1306 commemo·

194 1345 272 1415 ravit,
287 1346 367 1421 quod
386 1365 437 1404 rex
452 1345 611 1422 appellatus
630 1355 705 1404 esset
719 1364 737 1402 a
752 1357 860 1416 senatu,
875 1346 956 1421 quod
970 1345 1088 1416 amicuS,
1104 1343 1183 1420 quod

194 1458 315 1501 munera
339 1445 516 1520 amplissime
540 1444 644 1516 missa;
673 1461 760 1519 quam
779 1461 842 1501 rem
862 1452 891 1501 et
910 1443 1010 1518 paucis
1032 1442 1183 1500 hominum
1284 1431 1285 1436 ἵ

174 1541 350 1616 :contigisse
372 1552 401 1600 et
422 1559 476 1616 pro
496 1542 610 1616 magnis
631 1541 730 1599 officiis
752 1558 909 1600 consuesse
936 1541 1021 1599 tribui
1044 1541 1181 1611 docebat;

195 1639 283 1709 illum,
305 1657 371 1698 curn
392 1657 487 1714 neque
509 1640 617 1697 aditum
638 1657 732 1714 neque
753 1657 871 1697 causam
892 1639 1057 1714 postulandi
1080 1639 1184 1696 iustam
1284 1659 1285 1664 ¹

153 1753 182 1807 '15
196 1737 321 1807 haberet,
335 1738 478 1795 beneficio
501 1755 535 1795 ac
553 1737 718 1794 liberalitate
737 1755 790 1795 sua
809 1755 844 1794 ac
865 1746 981 1794 senatus
1002 1755 1037 1795 ea
1056 1737 1185 1812 praemia

197 1844 393 1892 consecutum.
434 1833 567 1892 Docebat
586 1834 680 1904 etiam,
695 1851 782 1909 quarn
802 1843 912 1891 veteres
931 1851 1076 1909 quamque
1095 1834 1185 1892 iustae

197 1950 300 1991 causae
321 1931 539 1991 necessitudinis
560 1931 628 2007 ipsis
650 1949 717 1989 cum
738 1931 847 1990 Aeduis
869 1932 1086 2001 intercederent,
1110 1949 1186 2006 quae

197 2029 444 2088 senatusconsulta
466 2030 599 2106 quotiens
624 2047 769 2106 quamque
793 2028 953 2086 honorifica
977 2029 1007 2086 in
1031 2046 1082 2087 eos
1110 2027 1188 2086 facta

196 2137 299 2198 essent,
320 2137 351 2185 ut
372 2129 452 2186 omni
473 2138 603 2204 tempore
625 2128 711 2186 totius
733 2125 844 2184 Galliae
873 2126 1066 2202 principatum
1090 2125 1187 2184 Aedui

153 2245 184 2282 ao
196 2225 361 2296 tenuissent,
376 2225 454 2300 prius
473 2225 568 2298 etiarn,
582 2243 670 2302 quam
683 2223 981 2283 nostram-amicitiam
999 2224 1187 2300 appetissent.

196 2323 299 2398 Populi
321 2321 449 2380 Romani
470 2323 546 2381 hanc
567 2341 631 2382 esse
652 2322 900 2392 consuetudinem,
921 2330 953 2380 ut
977 2322 1074 2380 socios
1099 2332 1189 2398 atque

197 2419 307 2477 amicos
320 2436 382 2478 non
402 2421 493 2478 modo
515 2421 559 2478 sui
578 2421 648 2477 nihil
669 2419 835 2496 deperdere,
851 2419 903 2477 sed
924 2421 1024 2494 gratia,
1039 2419 1190 2496 dignitate,

196 2518 307 2577 honore
327 2518 468 2577 auctiores
487 2518 553 2576 velit
572 2535 652 2576 esse:
674 2517 754 2594 quod
771 2535 839 2575 vero
859 2517 898 2575 ad
918 2518 1073 2577 amicitiam
1086 2518 1191 2593 populi

197 2616 325 2674 Romani
344 2615 510 2685 attulissent,
525 2616 555 2673 id
573 2616 607 2673 iis
621 2615 692 2690 eripi
711 2617 774 2691 quis
788 2615 848 2690 pati
868 2615 989 2690 posset?
1031 2615 1194 2674 Postulavit

154 2733 183 2783 ²5
197 2713 302 2771 deinde
319 2712 429 2782 eadem,
445 2731 518 2788 quae
537 2713 637 2788 legatis
657 2713 687 2770 in
705 2713 848 2772 mandatis
866 2711 993 2786 dederat,
1008 2731 1045 2772 ne
1066 2721 1116 2771 aut
1129 2712 1194 2770 Aea

198 2811 262 2868 duis
280 2819 330 2868 aut
347 2827 447 2868 eorum
467 2811 553 2869 sociis
572 2810 678 2868 bellurn
697 2810 812 2868 inferret
822 2829 829 2880 ;
855 2810 972 2869 obsides
991 2810 1142 2869 redderet:
1164 2816 1196 2874 si

197 2908 304 2966 nullam
323 2918 434 2983 partem
452 2906 664 2965 Germanorum
683 2908 804 2966 domurn
822 2907 965 2965 remittere
985 2917 1092 2983 posset,
1107 2916 1137 2966 at
1151 2927 1197 2968 ne

198 3023 272 3081 quos
286 3003 408 3079 amplius
424 3003 558 3062 Rhenum
573 3005 692 3063 transire
705 3014 857 3080 pateretur.
903 3011 955 3064 44.
977 3005 1138 3063 Ariovistus
1152 3007 1199 3064 ad

197 3102 340 3178 postulata
359 3100 491 3160 Caesaris
511 3120 604 3178 pauca
622 3103 778 3178 respondit,
794 3103 830 3160 de
851 3105 911 3164 suis
931 3104 1079 3161 virtutibus
1098 3103 1198 3163 multa

156 3221 186 3268 30
199 3198 389 3274 praedicavit:
414 3199 566 3258 Transisse
591 3199 728 3258 Rhenum
751 3218 814 3258 sese
837 3219 898 3259 non
922 3219 974 3260 sua
998 3211 1109 3276 sponte,
1136 3203 1199 3260 sed

200 3305 333 3370 rogatum
347 3304 375 3354 et
388 3298 555 3355 arcessitum
569 3315 587 3354 a
601 3296 708 3368 Gallis;
726 3315 786 3355 non
800 3299 862 3356 sine
875 3316 983 3373 magna
995 3317 1046 3373 spe
1060 3299 1197 3372 magnis-

201 3411 258 3469 que
269 3395 402 3468 praemiis
413 3395 532 3452 domum
546 3395 784 3470 propinquosque
798 3395 959 3470 reliquisse:
981 3396 1065 3454 sedes
1080 3394 1198 3455 habere

200 3493 230 3550 in
244 3491 337 3551 Gallia
350 3494 387 3552 ab
400 3494 469 3570 ipsis
484 3511 646 3564 concessas,
658 3493 774 3552 obsides
788 3494 917 3570 ipsorum
927 3495 1073 3554 voluntate
1085 3495 1196 3572 datos5
