2606 3934
364 621 400 690 C.
443 620 566 731 IULII
605 618 842 687 CAESARIS

207 867 303 949 DE
363 865 611 948 BELLO
670 864 1003 950 GALLICO

355 1133 638 1187 COMMENTARIUS
665 1133 856 1186 SECUNDUS.

409 1361 479 1422 ao.
502 1374 548 1438 57.
591 1361 701 1422 auo.
723 1363 791 1438 ⁶9⁷·

352 1612 442 1662 Defeat
458 1611 488 1662 of
500 1611 542 1661 the
559 1610 661 1676 Belgian
678 1609 852 1676 Consederacy.

146 1847 171 1899 1.
194 1837 266 1899 Cura
283 1847 359 1898 esset
379 1837 487 1898 Caesar
504 1838 534 1896 in
553 1837 682 1898 citeriore
701 1837 795 1898 Gallia
811 1837 842 1897 in
855 1837 989 1910 hibemis‚
1005 1839 1043 1898 ita
1056 1840 1098 1900 uti

103 1955 194 2014 supra
213 1937 481 2006 demonstravimus,
497 1937 588 1994 crebri
608 1936 644 1994 ad
664 1953 731 1994 eum
749 1954 881 2020 rumores
897 1937 1098 2011 afferebantur,

103 2035 262 2109 litterisque
284 2034 352 2091 item
373 2033 495 2091 Labieni
515 2033 618 2091 certior
639 2033 726 2090 fiebat
747 2051 850 2092 omnes
874 2033 988 2110 Belgas,
1010 2053 1097 2110 quam

103 2135 219 2193 tertiam
251 2151 315 2191 esse
343 2115 454 2190 Galliae
485 2140 597 2207 partem
628 2131 801 2201 dixeramus,
829 2140 931 2189 contra
958 2133 1097 2207 populum

104 2232 276 2290 Romanum
296 2229 445 2287 coniurare
465 2228 639 2304 obsidesque
658 2227 731 2284 inter
750 2243 781 2285 se
801 2227 877 2287 dare.
920 2227 1125 2299 Coniurandi5

104 2329 159 2388 has
178 2347 242 2387 esse
261 2344 382 2386 causas:
404 2326 529 2402 primum
550 2325 630 2401 quod
648 2333 819 2396 vererentur,
838 2327 882 2382 ne'
894 2327 975 2384 omni
995 2338 1098 2404 pacata

105 2425 201 2484 Gallia
228 2425 265 2484 ad
290 2441 341 2482 eos
363 2423 504 2482 exercitus
525 2430 622 2480 noster
646 2422 835 2480 adduceretur
845 2441 854 2494 3
882 2422 996 2496 deinde,
1018 2427 1098 2502 quod

104 2525 144 2582 ab
163 2521 311 2580 nonnullis
330 2520 420 2579 Gallis
440 2521 666 2589 sollicitarentur,
677 2519 788 2595 ,partim
807 2520 865 2596 qui,
880 2529 912 2578 ut
933 2520 1097 2587 Germanos

104 2617 212 2676 diutius
246 2615 277 2674 in
311 2614 407 2674 Gallia
439 2614 545 2672 versari
575 2614 735 2684 noluerant,
766 2612 805 2671 ita
835 2614 942 2690 populi'
970 2615 1098 2675 Romani

105 2714 263 2772 exercitum
291 2711 418 2771 hiemare
447 2721 533 2788 atque
561 2711 768 2769 inveterascere
796 2711 827 2767 in
855 2709 949 2770 Gallia
975 2715 1097 2774 moleste
1113 2743 1141 2784 ια

104 2813 244 2883 serebant,
278 2811 381 2887 partim
417 2809 465 2887 qui
496 2809 654 2867 mobilitate
685 2817 714 2866 et
744 2808 856 2868 levitate
890 2810 979 2869 animi
1013 2815 1096 2873 novis

105 2909 235 2984 imperiis
263 2908 425 2978 studebant,
450 2907 487 2966 ab
515 2906 660 2964 nonnullis
687 2906 782 2976 etiam,
804 2905 883 2981 quod
907 2907 938 2966 in
962 2907 1056 2970 Gallia
1081 2932 1098 2970 a

106 3006 319 3082 potentioribus
358 3015 444 3080 atque
481 3005 524 3076 iis,
560 3005 609 3080 qui
647 3003 685 3062 ad
719 3004 927 3064 conducendos
964 3007 1097 3068 homines

13 3163 23 3172 ,
106 3103 257 3162 facultates
280 3103 433 3174 habebant,
454 3102 541 3178 volgo
566 3120 656 3178 regna
680 3103 903 3176 occupabantur,
929 3105 977 3180 qui
1001 3107 1097 3165 minus

106 3201 191 3260 facile
214 3219 279 3258 eam
293 3220 354 3259 rem
374 3202 496 3278 imperio
517 3210 618 3258 nostro
641 3199 781 3275 consequi
802 3209 944 3275 poterant.
987 3209 1016 3262 2.
1038 3205 1095 3264 His
1112 3237 1140 3288 ¹5

106 3299 216 3358 nuntiis
252 3298 408 3375 litterisque
446 3308 609 3358 commotus
647 3296 755 3356 Caesar
793 3297 864 3356 duas
898 3299 1027 3375 legiones
1066 3305 1096 3364 in

105 3397 236 3457 citeriore
262 3397 357 3456 Gallia
380 3414 471 3454 novas
495 3396 665 3471 conscripsit
689 3403 717 3452 et
741 3393 810 3454 inita
834 3405 949 3470 aestate,
970 3401 1001 3458 in
1025 3401 1096 3460 inte-

105 3497 212 3554 riorem
238 3493 364 3554 Galliam
389 3495 438 3571 qui
467 3493 629 3563 deduceret,
655 3491 797 3563 Quintum
822 3491 942 3554 Pedium
969 3498 1096 3575 legatum
1165 3565 1167 3572 ‚

590 3605 611 3646 1>

1074 3729 1133 3784 a„
