2652 3928
148 253 188 316 68
197 268 284 336 —7a
380 270 426 317 nn
448 270 556 318 annuo
580 240 727 318 canarno
750 268 859 318 nonu.
886 269 947 317 νη.
1076 267 1135 335 171

146 423 358 474 coacervantur.
400 415 540 474 Germani
563 417 656 475 acrius
678 435 771 492 usque
795 415 832 474 ad
854 415 1029 474 munitiones
1052 431 1138 490 sequ-

145 521 239 570 untur.
281 511 327 570 Fit
352 531 462 589 magna
488 515 608 574 caedes:
636 513 766 572 nonnulli
790 513 895 572 relictis
919 513 1000 588 equis
1026 512 1137 570 fossam

145 609 266 668 transire
286 620 315 668 et
336 613 491 670 maceriam
515 612 719 671 transcendere
742 620 891 670 conantur.
932 609 1054 668 Paulum
1077 609 1137 684 leg·

145 705 227 762 iones
248 705 364 777 Caesar,
387 726 459 784 quas
474 727 535 785 ,pro
553 709 627 768 vallo
649 709 843 778 constituerat,
864 707 1029 785 promoveri
1049 708 1135 764 iubet.

145 800 217 859 Non
237 803 341 874 minus,
356 805 405 882 qni
425 806 501 864 intra
518 808 694 866 munitiones
713 817 803 878 erant,
823 807 1025 882 perturbantur
1044 803 1166 879 Galli:5

144 899 234 956 veniri
258 901 297 959 ad
321 919 352 960 se
377 902 531 962 confestim
556 905 751 964 existimantes
774 903 812 962 ad
836 921 916 962 arma
937 903 1120 961 conclamant
1127 921 1135 973 ;

144 998 277 1056 nonnulli
303 1001 441 1074 perterriti
468 1001 498 1058 in
525 1001 666 1078 oppidum
693 1002 864 1077 irrumpunt.
917 1000 1137 1075 Vercingetorix
1181 984 1185 993 ¹

144 1097 224 1154 iubet
242 1107 341 1173 portas
360 1098 463 1170 claudi,
483 1119 521 1158 ne
542 1110 636 1160 castra
655 1101 807 1160 nudentur.
849 1098 950 1158 Multis
971 1097 1135 1168 interfectis,

144 1195 342 1270 compluribus
356 1197 437 1272 equis
452 1198 543 1274 captis
558 1197 697 1258 Germani
712 1216 776 1257 sese
789 1198 940 1274 recipiunt.

185 1298 232 1352 71.
252 1293 480 1370 Vercingetorix,
513 1297 681 1372 priusquam
713 1297 888 1356 munitiones
921 1296 958 1353 ab
992 1293 1135 1353 Romanis
1152 1320 1182 1356 ιο

142 1390 336 1465 perficiantur,
349 1393 502 1452 consilium
523 1395 610 1470 capit,
626 1413 745 1453 omnem
763 1396 801 1453 ab
820 1412 852 1452 se
870 1395 1027 1470 equitatum
1046 1403 1135 1450 noctu

143 1487 294 1549 dimittere
335 1489 563 1550 Discedentibus.
579 1493 709 1562 mandat,
728 1501 760 1550 ut
781 1509 863 1550 suam
884 1491 1006 1568 quisque
1033 1507 1134 1548 eorum

143 1586 288 1645 civitatem
322 1588 407 1647 adeat
439 1606 608 1666 omnesque,
636 1591 686 1664 qui
713 1608 765 1666 per
798 1599 922 1648 aetatem
949 1606 1029 1646 arma
1060 1587 1134 1646 ferre

141 1685 264 1760 possint,
290 1686 328 1744 ad
355 1671 461 1746 bellum
486 1698 601 1764 cogant.
644 1687 704 1746 Sua
729 1687 760 1746 in
784 1687 849 1746 illos
872 1686 975 1744 merita
998 1685 1134 1761 proponit

143 1784 368 1860 obtestaturque,
383 1795 415 1843 ut
429 1803 499 1844 suae
513 1785 611 1844 salutis
633 1785 775 1843 rationem
795 1784 921 1843 habeant
942 1801 999 1841 neu
1018 1802 1049 1842 se
1071 1793 1178 1858 opt-15

142 1880 201 1939 ime
226 1882 264 1940 de
287 1885 437 1941 communi
457 1883 585 1942 libertate
608 1883 741 1941 meritum
766 1882 897 1941 hostibus
921 1882 952 1938 in
977 1882 1134 1939 cruciatum

143 1979 257 2038 dedant.
311 1980 401 2053 Quod
428 1985 452 2040 si
480 1982 707 2057 indiligentiores
736 1979 849 2051 fuerint,
877 1979 954 2038 milia
981 1979 1134 2036 hominum

142 2077 256 2136 delecta
280 2094 363 2136 uxxx
391 2097 449 2138 una
478 2097 578 2159 secum
605 2079 752 2136 interitura
779 2077 965 2136 demonstrat.
1008 2073 1133 2134 Ratione

141 2177 212 2234 inita
232 2194 264 2234 se
285 2178 389 2252 exigue
411 2178 521 2236 diemm
544 2195 604 2236 xxx
627 2177 732 2236 habere
761 2175 943 2245 frumentum,
966 2175 1018 2234 sed
1045 2175 1132 2248 paulo

140 2275 230 2332 etiarn
249 2275 363 2350 longius
381 2276 495 2334 tolerari
514 2293 602 2351 posse
618 2274 773 2350 parcendo.
816 2271 872 2330 His
887 2271 960 2330 datis
979 2271 1133 2342 mandatis,
1148 2291 1179 2328 ao

141 2389 201 2446 qua
224 2389 298 2446 opus
320 2383 381 2431 erat
404 2373 608 2443 intermissum,
629 2371 756 2430 secunda
775 2370 870 2446 vigilia
891 2369 1003 2428 silentio
1025 2369 1133 2444 equita-

140 2477 205 2526 tum
225 2469 318 2526 mittit.
359 2469 549 2528 Frumentum
569 2485 657 2528 omne
678 2469 716 2526 ad
737 2485 768 2526 se
789 2466 886 2526 referri
907 2466 1002 2538 iubet3
1031 2467 1133 2542 capitis

141 2583 269 2640 poenam
296 2567 339 2636 iis,
368 2567 418 2642 qui
449 2583 510 2624 non
540 2567 694 2642 paruerint,
722 2563 886 2622 constituit:
920 2580 1019 2639 pecua,
1051 2565 1132 2622 cuius

141 2681 249 2736 magna
270 2673 331 2722 erat
355 2663 441 2739 copia
466 2664 503 2722 ab
531 2661 698 2720 Mandubiis
724 2661 884 2736 compulsa,
906 2660 1009 2718 viritim
1038 2661 1132 2719 distri-

141 2761 219 2830 buit;
241 2759 416 2822 frumentum
434 2778 521 2836 parce
540 2769 568 2818 et
586 2759 723 2836 paulatim
742 2759 835 2815 metiri
852 2757 979 2815 instituit.
1023 2756 1131 2833 Copias
1146 2785 1176 2835 ²5

140 2875 245 2916 ornnes
269 2875 341 2934 quas
368 2876 422 2935 pro
447 2857 558 2934 oppido
583 2857 772 2916 collocaverat
795 2856 826 2914 in
850 2856 991 2932 oppidum
1015 2861 1131 2932 recepit.

141 2955 199 3013 His
220 2956 378 3016 rationibus
402 2956 507 3018 auxilia
532 2955 642 3015 Galliae
665 2965 832 3031 exspectare
860 2963 889 3012 et
915 2953 1022 3012 bellum
1050 2964 1132 3029 parat

140 3053 346 3114 administrare.

181 3158 231 3212 ¹12.
254 3153 368 3224 Quibus
387 3155 474 3214 rebus
493 3154 617 3230 cognitis
636 3171 673 3212 ex
691 3152 819 3230 perfugis
838 3161 868 3210 et
886 3151 1004 3227 captivis
1023 3149 1131 3211 Caesar

138 3248 212 3309 haec
239 3270 346 3328 genera
373 3253 541 3312 munitionis
568 3252 695 3312 instituit.
738 3251 860 3310 Fossam
891 3249 1001 3325 pedum
1031 3249 1129 3324 viginti
1142 3271 1174 3320 3⁰

139 3348 254 3408 directis
281 3350 417 3410 lateribus
445 3351 535 3422 duxit,
562 3361 594 3410 ut
622 3351 683 3410 eius
710 3349 808 3409 fossae
836 3348 931 3408 solum
958 3349 1129 3406 tantundem

138 3455 258 3522 pateret,
283 3459 423 3524 quantum
448 3467 578 3508 summae
600 3447 696 3508 fossae
720 3448 799 3506 labra
823 3446 961 3505 distarent
968 3463 976 3516 3
1005 3444 1127 3520 reliquas

138 3559 242 3606 omnes
262 3546 437 3606 munitiones
459 3547 496 3606 ab
517 3564 552 3604 ea
572 3545 650 3606 fossa
671 3546 760 3622 pedes
782 3560 854 3606 cccc
877 3542 996 3615 reduxit,
1020 3542 1050 3602 id
1071 3543 1129 3605 hoc
