2606 3934
200 174 218 239 8
520 188 549 240 e.
573 189 667 237 rurrr
687 186 860 238 crrsnnrs
1164 197 1187 248 1.

198 347 229 396 ut
255 336 364 398 flumen
390 337 553 412 transirent,
581 339 660 399 illum
687 357 747 399 uno
776 339 823 399 die
850 339 952 400 fecisse
979 340 1187 419 intellegerent,

198 436 310 512 legatos
330 435 368 495 ad
388 455 456 495 eum
476 438 593 497 mittunt
600 457 609 512 ;
637 439 719 497 cuius
745 437 897 512 legationis
921 437 1024 497 Divico
1051 441 1186 518 princeps

198 532 259 606 fuit,
286 533 335 611 qui
361 535 437 594 bello
466 533 608 594 Cassiano
637 536 696 594 dux
723 533 922 594 Helvetiorum
949 535 1049 596 suerat.
1091 537 1121 598 Is
1148 539 1187 599 ita

198 649 266 689 cum
302 631 427 692 Caesare
462 633 539 709 egit:
575 631 607 692 Si
639 649 744 710 pacem
778 632 904 708 populus
934 631 1088 692 Romanus
1119 654 1186 694 cum

169 727 474 802 ⁵Helvetiisfaceret,
497 731 614 790 ineam
640 738 752 806 partem
776 729 866 788 ituros
893 738 981 806 atque
1008 731 1048 789 ibi
1075 731 1185 792 futuros

197 824 356 900 Helvetios,
369 827 419 886 ubi
436 845 487 887 eos
510 826 618 886 Caesar
636 826 829 886 constituisset
846 836 932 903 atque
951 845 1014 887 esse
1031 829 1184 903 voluisset;

196 924 241 981 sin
268 924 344 984 bello
370 925 504 1002 persequi
537 933 739 1001 perseveraret,
772 924 1000 984 reminisceretur
1026 935 1055 985 et
1082 929 1184 986 veteris

196 1020 374 1081 incommodi
394 1023 494 1101 populi
516 1022 644 1082 Romani
658 1033 686 1082 et
699 1021 835 1099 pristinae
851 1022 959 1081 virtutis
974 1022 1182 1083 Helvetiorum.

197 1116 287 1189 Quod
310 1119 466 1196 improviso
488 1138 581 1180 unum
602 1138 712 1197 pagum
738 1119 854 1178 adortus
877 1128 961 1192 esset,
986 1139 1053 1181 cum
1077 1121 1105 1193 ii,
1134 1123 1183 1198 qui

154 1235 185 1274 ιο
197 1215 305 1274 flumen
325 1217 501 1290 transissent,
521 1218 581 1277 suis
600 1217 736 1276 auxilium
759 1215 832 1275 ferre
853 1233 914 1275 non
936 1228 1065 1294 possent,
1086 1237 1124 1278 ne
1143 1220 1183 1278 ob

196 1330 261 1370 eam
284 1331 346 1373 rem
373 1325 422 1374 aut
450 1332 519 1374 suae
547 1333 725 1391 magnopere
751 1314 845 1372 virtuti
871 1315 1007 1374 tribueret
1028 1327 1077 1375 aut
1100 1317 1182 1393 ipsos

196 1411 363 1489 despiceret.
405 1412 443 1473 Se
467 1413 507 1473 ita
531 1429 549 1470 a
570 1413 697 1489 patribus
720 1412 934 1489 maioribusque
955 1413 1014 1472 suis
1039 1415 1181 1486 didicisse,

194 1520 227 1570 ut
257 1511 351 1587 magis
384 1511 486 1570 virtute
520 1527 609 1586 quam
643 1510 711 1570 dolo
745 1510 960 1582 contenderent,
988 1520 1037 1571 aut
1070 1512 1181 1572 insidiis

195 1611 361 1670 niterentur.
402 1607 500 1681 Quare
529 1627 567 1667 ne
594 1609 791 1678 committeret,
819 1617 850 1666 ut
871 1608 895 1668 is
918 1608 1008 1680 locus,
1030 1611 1080 1668 ubi
1109 1628 1181 1669 con-

152 1731 181 1782 15
196 1707 340 1781 stitissent,
377 1724 415 1766 ex
450 1707 610 1766 calamitate
641 1707 741 1782 populi
772 1705 899 1764 Romani
929 1716 959 1766 et
990 1708 1180 1768 internicione

195 1805 335 1865 exercitus
353 1822 463 1864 nomen
482 1813 598 1882 caperet
615 1813 665 1863 aut
683 1805 851 1864 memoriam
865 1804 1006 1881 proderet.
1060 1810 1108 1865 14.
1123 1804 1180 1864 His

196 1902 304 1964 Caesar
320 1903 360 1962 ita
377 1902 543 1980 respondit:
565 1901 611 1960 Eo
626 1902 679 1961 sibi
697 1903 792 1961 minus
812 1903 997 1962 dubitationis
1017 1902 1085 1974 dari,
1099 1903 1179 1979 quod

183 1992 244 2060 'eas
271 2018 325 2073 res,
352 2018 425 2076 quas
451 2000 538 2078 legati
570 2000 696 2059 Helvetii
726 2008 1011 2070 commemorassent,
1039 2001 1179 2059 memoria

194 2107 310 2169 teneret,
332 2108 417 2173 atque
445 2116 482 2157 eo
509 2099 624 2174 gravirm
647 2097 727 2168 ferre,
748 2113 807 2172 quo
834 2097 930 2154 minus
954 2097 1056 2156 merito
1077 2098 1179 2174 populi

151 2219 181 2258 ιο
195 2196 320 2255 Romani
347 2196 537 2254 accidissent:
561 2196 611 2271 qui
638 2195 662 2254 si
689 2194 806 2252 alicuius
829 2193 947 2251 iniuriae
970 2194 1023 2252 sibi
1043 2195 1179 2254 conscius

194 2293 300 2364 suisset,
321 2311 383 2352 non
404 2293 491 2352 fuisse
513 2291 626 2351 difficile
647 2308 761 2361 cavere;
783 2289 835 2348 sed
855 2307 893 2348 eo
913 2290 1076 2366 deceptum,
1097 2291 1179 2368 quod

193 2408 288 2467 neque
312 2391 499 2449 commissum
524 2407 542 2449 a
569 2406 600 2447 se
620 2388 804 2463 intellegeret,
825 2405 914 2464 quare
941 2389 1061 2460 timeret,
1081 2407 1179 2466 neque

194 2491 255 2548 sine
270 2507 358 2548 causa
370 2489 531 2546 timendum
552 2495 673 2563 putaret
715 2484 803 2556 Quod
824 2485 848 2542 si
866 2486 968 2544 veteris
985 2487 1179 2545 contumeliae

194 2586 320 2645 oblivisci
341 2585 433 2657 vellet,
457 2603 528 2643 num
551 2584 638 2643 etiam
660 2583 816 2643 recentium
838 2582 1014 2655 iniuriarum,
1035 2582 1115 2658 quod
1140 2601 1177 2642 eo

149 2701 180 2754 ²5
194 2684 282 2742 invito
296 2684 348 2742 iter
356 2702 408 2760 per
421 2682 598 2759 provinciam
613 2681 735 2757 pervim
749 2688 945 2756 temptassent,
957 2679 1037 2756 quod
1046 2679 1178 2752 Aeduos,

193 2781 272 2857 quod
304 2781 471 2850 Ambarros,
499 2778 580 2856 quod
611 2779 784 2854 Allobrogas
814 2787 977 2848 vexassent,
1005 2777 1178 2836 memoriam

192 2880 339 2956 deponere
378 2878 485 2954 posse?
541 2876 632 2949 Quod
672 2895 724 2936 sua
763 2877 880 2936 victoria
920 2886 980 2935 tam
1020 2877 1178 2936 insolenter

191 2978 387 3054 gloriarentur,
405 2973 542 3052 quodque
566 2982 627 3032 tam
654 2974 703 3033 diu
729 2992 761 3032 se
788 2974 908 3049 impune
934 2972 1032 3031 tulisse
1059 2973 1178 3032 iniurias

192 3075 404 3144 admirarentur,
421 3073 526 3132 eodem
550 3071 701 3149 pertinere.
741 3070 907 3129 Consuesse
931 3069 1009 3128 enim
1031 3069 1103 3128 deos
1122 3070 1178 3127 im-

147 3196 180 3246 30
191 3172 334 3244 mortales,
363 3188 421 3247 quo
449 3171 563 3247 gravius
590 3169 723 3229 homines
753 3187 789 3226 ex
822 3167 1048 3226 commutatione
1078 3184 1177 3225 rerum

192 3269 315 3340 doleant,
339 3287 414 3346 quos
435 3285 489 3345 pro
511 3268 618 3327 scelere
641 3284 742 3326 eorum
765 3265 863 3324 ulcisci
885 3265 980 3336 velint,
1002 3264 1047 3323 his
1071 3281 1176 3322 secun-

191 3368 285 3426 diores
299 3367 441 3426 interdum
460 3384 506 3425 res
525 3376 554 3424 et
567 3365 781 3429 diuturniorem,
790 3363 988 3438 impunitatem
1002 3362 1173 3421 concedere.

191 3463 266 3524 Cum
285 3482 320 3524 ea
337 3465 375 3524 ita
394 3465 459 3537 sint,
473 3472 580 3535 tamen,
595 3463 618 3523 si
635 3462 752 3521 obsides
769 3461 806 3520 ab
820 3461 854 3519 iis
873 3460 927 3518 sibi
943 3459 1055 3531 dentur,
1069 3458 1111 3517 uti
1129 3475 1175 3532 ea,
