2606 3934
129 256 244 323 9-12.
356 235 410 299 'nr
431 251 541 300 narro
565 251 714 300 orrrrco
737 213 846 298 dorum.
870 250 925 298 rrr.
1078 248 1118 317 55

130 400 286 460 Caesarem
296 410 394 460 tamen
408 400 446 459 ad
457 400 487 459 id
500 400 608 458 bellum
619 399 792 458 incitabant:
812 399 931 456 iniuriae
944 403 1121 454 retentorum

129 499 258 574 equitum
273 497 483 568 Romanorum,
497 497 614 556 rebellio
630 497 706 555 facta
719 507 787 572 post
801 497 986 567 deditionem,
998 494 1121 553 defectio

130 597 203 654 datis
224 596 383 666 obsidibus,
407 603 451 653 tot
472 595 619 654 civitatum
640 595 809 665 coniuratio,
831 593 980 670 imprimis,
1008 611 1046 649 ne
1066 591 1122 648 hac

129 703 209 768 parte
223 692 356 770 neglecta
370 692 496 767 reliquae
510 693 642 750 nationes
656 693 710 750 sibi
725 692 803 750 idem
813 693 899 751 licere
913 691 1122 749 arbitrarentur.

129 791 232 867 Itaque
244 809 311 848 cum
322 789 498 864 intellegeret
512 808 615 848 omnes
628 789 688 848 fere
700 789 801 848 Gallos
812 789 894 848 novis
907 789 994 847 rebus
1009 788 1122 846 studere
1135 810 1149 860 5

130 897 158 946 et
182 887 220 945 ad
244 887 352 945 bellurn
373 887 517 944 mobiliter
541 887 727 963 celeriterque
750 888 875 958 excitari,
900 905 1004 945 omnes
1027 895 1122 943 autem

130 985 264 1044 homines
291 995 393 1042 natura
413 985 536 1042 libertati
563 985 678 1043 studere
702 995 730 1043 et
753 985 957 1044 condicionem
984 985 1123 1044 servitutis

131 1083 236 1155 odisse,
258 1083 425 1158 priusquam
446 1082 542 1159 plures
563 1083 689 1142 civitates
716 1083 922 1158 conspirarent,
942 1083 1124 1160 partiendum

131 1181 233 1239 sibiae
247 1180 331 1239 latius
345 1181 573 1239 distribuendum
587 1181 744 1238 exercitum
753 1181 870 1255 putavit.
912 1186 952 1240 11.
974 1180 1076 1256 Itaque
1086 1181 1122 1238 T.

131 1277 294 1336 Labienum
313 1278 441 1354 legatum
458 1278 489 1335 in
503 1277 654 1349 Treveros,
675 1279 724 1354 qui
742 1278 867 1354 proximi
887 1277 999 1336 flumini
1019 1279 1124 1337 Rheno
1139 1300 1169 1336 ιο

131 1385 207 1446 sunt,
222 1393 289 1434 cum
304 1376 431 1451 equitatu
444 1376 538 1434 mittit.
580 1375 660 1434 Huic
673 1375 802 1448 mandat,
817 1375 929 1434 Remos
943 1376 1125 1452 reliquosque

131 1471 237 1548 Belgas
266 1473 350 1531 adeat
373 1481 459 1549 atque
481 1473 511 1531 in
533 1473 629 1532 officio
654 1475 801 1532 contineat
823 1472 1053 1550 Germanosque,
1076 1475 1125 1550 qui

131 1571 237 1630 auxilio
248 1570 373 1646 aBelgis
386 1571 513 1630 arcessiti
527 1572 703 1642 dicebantur,
719 1572 743 1630 si
753 1590 804 1647 per
814 1572 872 1629 vim
883 1572 1003 1631 navibus
1017 1572 1126 1630 flumen

131 1670 251 1728 transire
274 1679 423 1740 conentur,
448 1669 609 1745 prohibeat.
651 1669 682 1728 P.
696 1668 836 1728 Crassum
863 1687 931 1728 eum
959 1671 1126 1728 cohortibus

130 1768 294 1844 legionariis
306 1783 352 1824 xrr
368 1777 396 1826 et
410 1785 519 1842 magno
530 1785 652 1826 numero
667 1768 808 1843 equitatus
819 1767 849 1824 in
860 1767 1046 1843 Aquitaniam
1058 1787 1126 1844 pro·
1140 1785 1168 1835 15

130 1865 220 1924 ficisci
233 1866 320 1938 iubet,
335 1885 373 1924 ne
387 1883 423 1923 ex
437 1864 481 1922 his
496 1865 661 1923 nationibus
676 1865 781 1923 auxilia
795 1865 826 1922 in
840 1863 965 1923 Galliam
979 1866 1127 1924 mittantur

131 1982 166 2022 ac
192 1973 290 2022 tantae
317 1964 450 2022 nationes
480 1963 699 2039 coniungantur.
753 1961 790 2034 Q.
813 1963 956 2021 Titurium
986 1963 1127 2022 Sabinum

130 2063 259 2138 legatum
294 2080 362 2125 cum
393 2062 556 2137 legionibus
589 2062 679 2120 tribus
712 2062 743 2119 in
769 2061 908 2120 Venellos
922 2057 924 2062 ’
940 2061 1126 2122 Curiosolites

131 2160 335 2236 Lexoviosque
362 2160 454 2232 mittit,
484 2161 534 2238 qui
562 2177 627 2218 eam
659 2178 780 2217 manum
811 2159 1004 2218 distinendam
1037 2170 1124 2219 curet.

130 2258 287 2317 Decimum
308 2256 430 2314 Brutum
452 2258 667 2316 adulescentem
691 2257 774 2315 classi
797 2255 974 2332 Gallicisque
995 2259 1124 2330 navibus,
1139 2279 1170 2312 20

131 2375 204 2433 quas
219 2375 255 2414 ex
270 2355 437 2414 Pictonibus
452 2366 480 2414 et
496 2355 632 2414 Santonis
647 2355 821 2430 reliquisque
836 2355 945 2430 pacatis
961 2355 1127 2430 regionibus

131 2453 285 2513 convenire
295 2452 423 2524 iusserat,
436 2453 611 2528 praeficitet,
623 2470 690 2510 cum
701 2452 826 2528 primum
836 2464 944 2528 posset,
956 2453 986 2512 in
997 2452 1126 2512 Venetos

130 2551 277 2630 proficisci
296 2550 383 2608 iubet.
426 2550 496 2626 Ipse
513 2568 549 2608 eo
565 2549 746 2625 pedestribus
767 2549 859 2626 copiis
881 2551 1038 2608 contendit.
1078 2557 1125 2610 12.

130 2649 223 2707 Erant
241 2647 384 2706 eiusmodi
400 2646 460 2706 fere
482 2647 552 2705 situs
573 2647 757 2723 oppidorum,
778 2655 809 2704 ut
829 2648 924 2722 posita
941 2649 972 2704 in
993 2649 1127 2708 extremis

130 2746 246 2823 lingulis
260 2745 524 2820 promunturiisque
536 2763 631 2820 neque
641 2745 764 2820 pedibus
778 2735 888 2802 aditum
898 2745 1045 2818 haberent,
1060 2766 1127 2806 cum
1141 2766 1170 2815 25

131 2865 169 2904 ex
197 2843 254 2902 alto
290 2861 321 2901 se
355 2854 451 2904 aestus
484 2843 666 2912 incitavisset,
696 2843 777 2918 quod
803 2843 848 2902 bis
877 2843 981 2902 accidit
1013 2862 1128 2922 semper

130 2943 269 3002 horarum
282 2957 372 2998 xxrrrr
393 2941 495 3016 spati0,
510 2958 606 3016 neque
620 2941 750 3012 navibus,
770 2941 849 3018 quod
863 2960 961 3000 rursus
979 2943 1127 3002 minuente

131 3050 215 3100 aestu
228 3057 315 3096 naves
330 3038 360 3094 in
374 3038 454 3096 vadis
468 3037 679 3096 afflictarentur.
714 3037 760 3096 Ita
773 3049 893 3115 utraque
907 3057 937 3096 re
951 3041 1127 3116 oppidorum

131 3136 313 3215 oppugnatio
331 3135 541 3210 impediebatur
550 3153 558 3206 ;
582 3153 616 3192 ac
637 3135 661 3192 si
675 3135 793 3210 quando
807 3137 1013 3212 magnitudine
1030 3141 1127 3215 operis

131 3237 206 3296 forte
234 3232 368 3309 superati,
396 3242 513 3290 extruso
538 3232 610 3289 mari
635 3250 741 3308 aggere
765 3251 800 3290 ac
823 3234 948 3292 molibus
975 3245 1061 3312 atque
1083 3237 1127 3297 his
1140 3257 1172 3304 30

133 3331 236 3410 oppidi
245 3330 398 3388 moenibus
413 3329 587 3405 adaequatis,
600 3329 658 3387 suis
669 3329 791 3388 fortunis
802 3329 953 3406 desperare
964 3345 1127 3409 coeperant,

133 3448 245 3506 magno
256 3444 378 3486 numero
387 3428 504 3484 navium
515 3427 647 3502 appulsu,
661 3427 741 3510 cuius
755 3427 796 3484 rei
810 3445 953 3486 summam
964 3429 1129 3492 facultatem

134 3528 288 3600 habebant,
306 3543 358 3585 sua
379 3525 570 3602 deportabant
590 3524 689 3582 omnia
708 3541 796 3603 seque
818 3525 848 3582 in
867 3526 1000 3603 proxima
1020 3529 1128 3606 oppida
