2606 3934
119 259 208 321 1-4.
331 252 377 299 DE
399 249 508 298 BELLO
531 247 682 296 GALLICO
706 245 815 296 COMM.
838 246 894 295 ΙΙΙ.
1061 247 1099 314 51

114 403 187 462 Cum
202 402 263 461 dies
282 401 468 459 hibernorum
489 398 652 474 complures
672 397 848 467 transissent,
868 395 1102 470 frumentumque

114 519 147 559 eo
162 499 486 575 comportariiussisset,
501 498 595 556 subito
610 515 662 572 per
676 497 871 571 exploratores
890 493 993 552 certior
1007 492 1100 551 sactus

114 607 154 656 est
175 615 211 654 ex
230 615 265 656 ea
284 605 363 672 parte
382 597 444 666 vici,
464 613 552 671 quam
569 593 659 652 Gallis
678 601 868 661 concesserat,
888 607 992 650 omnes
1010 599 1100 649 noctu

115 695 278 754 discessisse
297 703 479 768 montesque,
500 693 549 768 qui
567 692 776 767 impenderent,
796 709 814 748 a
833 690 960 748 maxima
978 688 1103 746 multitu-

116 793 178 851 dine
194 792 378 850 Sedunorum
392 800 421 849 et
435 791 632 866 Veragrorum
645 790 744 847 teneri.
785 788 821 846 Id
835 789 944 863 aliquot
958 787 994 845 de
1009 787 1103 844 causis
1118 811 1131 859 5

116 891 256 949 acciderat
276 898 307 946 ut
329 889 424 948 subito
444 887 519 946 Galli
539 888 604 946 belli
626 887 784 945 renovandi
806 887 985 962 legionisque
1006 885 1104 962 oppri-

115 988 237 1046 mendae
252 987 404 1045 consilium
425 995 579 1062 caperent:
600 985 734 1060 primum,
749 985 829 1060 quod
850 985 995 1060 legionem
1010 1003 1106 1060 neque

115 1104 179 1145 earn
193 1085 390 1161 plenissimam
404 1083 538 1142 detractis
552 1083 720 1141 cohortibus
735 1082 847 1140 duabus
866 1091 894 1140 et
910 1082 1105 1157 compluribus

116 1183 287 1258 singillatim,
302 1182 351 1258 qui
366 1190 547 1240 commeatus
560 1181 678 1256 petendi
692 1197 779 1238 causa
793 1180 873 1238 missi
884 1188 973 1250 erant,
989 1190 1107 1256 propter

116 1281 289 1358 paucitatem
301 1279 510 1354 despiciebant3
527 1285 589 1334 tum
600 1278 696 1348 etiam,
708 1275 787 1353 quod
798 1286 916 1353 propter
926 1278 1106 1352 iniquitatem
1117 1275 1152 1336 '10

116 1379 180 1448 loci,
206 1397 272 1436 cum
296 1377 352 1453 ipsi
377 1395 413 1435 ex
435 1377 583 1435 montibus
610 1377 641 1433 in
665 1376 767 1434 vallem
793 1376 975 1434 decurrerent
999 1388 1027 1434 et
1051 1379 1108 1435 tela

118 1477 289 1547 conicerent,
305 1494 342 1534 ne
353 1475 478 1552 primum
493 1475 611 1550 quidem
625 1491 712 1549 posse
724 1475 864 1550 impetum
879 1493 963 1534 suum
978 1477 1108 1534 sustineri

118 1575 327 1634 existimabant.
369 1572 545 1641 Accedebat,
557 1571 638 1646 quod
652 1589 721 1630 suos
736 1573 773 1629 ab
785 1590 815 1630 se
826 1573 932 1632 liberos
947 1576 1107 1632 abstractos

118 1673 254 1732 obsidum
273 1671 392 1729 nomine
412 1670 557 1739 dolebant,
572 1677 600 1726 et
614 1669 767 1728 Romanos
787 1689 848 1728 non
867 1672 962 1730 solum
976 1673 1108 1730 itinerum

119 1789 214 1840 causa,
243 1770 296 1828 sed
324 1769 410 1826 etiam
438 1776 594 1843 perpetuae
621 1767 814 1842 possessionis
841 1769 965 1827 culmina
991 1771 1108 1846 Alpium
1124 1790 1151 1839 15

118 1886 261 1943 occupare
275 1867 374 1925 conari
388 1875 416 1922 et
430 1883 465 1922 ea
479 1865 543 1922 loca
558 1865 695 1923 finitimae
709 1866 873 1939 provinciae
884 1867 1041 1942 adiungere
1056 1869 1110 1926 sibi

118 1983 289 2043 persuasum
313 1963 466 2021 habebant.
509 1968 537 2020 3.
560 1961 617 2020 His
640 1963 747 2020 nuntiis
774 1963 900 2038 acceptis
926 1963 1027 2035 Galba,
1043 1985 1110 2024 cum

119 2081 215 2139 neque
226 2080 300 2138 opus
314 2063 499 2120 hibernorum
509 2061 741 2136 munitionesque
753 2061 838 2136 plene
850 2073 947 2121 essent
957 2065 1109 2138 perfectae,

119 2179 216 2238 neque
228 2160 264 2218 de
275 2159 419 2218 frumento
430 2159 598 2234 reliquoque
609 2168 774 2216 commeatu
785 2159 853 2217 satis
868 2170 944 2218 esset
954 2162 1109 2235 provisum,

119 2260 201 2335 quod
227 2257 373 2316 deditione
398 2255 473 2314 lacta
497 2256 704 2330 obsidibusque
729 2257 854 2331 acceptis
883 2257 952 2314 nihil
976 2259 1012 2318 de
1034 2261 1110 2318 bello
1126 2290 1156 2323 πο

118 2355 281 2415 timendum
310 2354 527 2424 existimaverat,
556 2353 676 2411 consilio
705 2353 832 2412 celeriter
856 2366 1017 2416 convocato
1045 2377 1111 2418 sen-

119 2455 225 2513 tentias
259 2452 408 2528 exquirere
436 2451 540 2526 coepit.
583 2450 651 2522 Quo
683 2452 713 2509 in
741 2453 870 2524 consili0,
907 2473 973 2513 eum
1000 2467 1112 2516 tantum

118 2551 263 2627 repentini
278 2549 396 2626 periculi
411 2557 524 2624 praeter
538 2549 706 2623 opinionem
720 2551 879 2622 accidisset,
894 2570 928 2610 ac
942 2553 1000 2612 iam
1015 2559 1114 2614 omnia

119 2647 182 2707 fere
207 2649 355 2723 superiora
379 2647 445 2704 loca
468 2643 649 2704 multitudine
673 2656 849 2706 armatorum
874 2651 1018 2727 completa
1043 2672 1113 2712 con·
1192 2699 1201 2716 ,.

120 2747 308 2822 spicerentur,
333 2763 428 2821 neque
458 2744 585 2802 subsidio
606 2745 694 2802 veniri
722 2763 816 2821 neque
840 2759 1020 2809 commeatus
1045 2770 1112 2828 sup·
1129 2779 1156 2827 ²5

119 2844 231 2920 portari
254 2843 412 2902 interclusis
440 2841 587 2900 itineribus
611 2853 738 2917 possent,
765 2863 857 2920 prope
882 2847 939 2904 iam
963 2848 1115 2924 desperata

120 2942 214 2999 salute
229 2940 387 2998 nonnullae
401 2939 566 2998 huiusmodi
586 2941 743 2999 sententiae
758 2943 933 3015 dicebantur,
947 2955 979 3004 ut
993 2947 1114 3023 impedi-

119 3039 228 3098 mentis
252 3037 356 3096 relictis
384 3037 533 3112 eruptione
555 3037 630 3096 facta
653 3039 746 3097 isdem
769 3041 926 3113 itineribus
949 3045 1054 3119 quibus
1078 3064 1114 3104 eo

119 3135 333 3212 pervenissent,
350 3135 388 3193 ad
410 3134 529 3194 salutem
548 3137 763 3196 contenderent.
806 3137 912 3198 Maiori
930 3150 1028 3200 tamen
1042 3145 1115 3220 parti

120 3235 231 3312 placuit
263 3233 321 3291 hoe
353 3243 496 3292 reservato
525 3233 562 3291 ad
594 3245 755 3293 extremum
783 3238 904 3296 consilio
932 3240 1045 3299 interim
1073 3244 1113 3301 rei
1128 3267 1160 3314 30

121 3342 259 3390 eventum
274 3331 396 3406 experiri
415 3341 443 3390 et
457 3339 549 3390 castra
563 3331 725 3392 defendere.
767 3341 797 3394 4.
819 3335 902 3394 Brevi
917 3339 1010 3415 spatio
1027 3341 1112 3401 inter-

121 3429 208 3501 iecto,
234 3429 280 3486 vix
304 3437 336 3485 ut
359 3429 454 3499 rebus,
479 3447 550 3505 quas
575 3432 796 3503 constituissent,
825 3435 1001 3496 collocandis
1028 3450 1115 3516 atque

123 3525 360 3586 administrandis
380 3535 495 3603 tempus
516 3527 638 3600 daretur,
658 3529 756 3590 hostes
777 3549 813 3590 ex
834 3533 968 3594 omnibus
985 3539 1114 3618 partibus

569 3642 628 3684 ua
1043 3629 1049 3642 ’
