2606 3934
116 277 252 346 10-13,
362 271 408 319 DE
429 271 539 320 BELLO
563 269 715 320 GALLICO
738 271 847 320 coMM.
870 272 910 320 ΙΙ.
1063 275 1103 341 39

113 442 251 500 magnam
271 419 484 482 multitudinem
505 441 606 482 eorum
627 421 798 499 fugientium
819 421 1016 492 conciderunt,
1037 439 1104 479 cum

114 523 152 580 ab
184 531 311 580 extremo
343 521 468 596 agmine,
497 521 535 578 ad
567 537 640 596 quos
668 529 786 578 ventum
817 529 885 592 erat,
914 519 1105 577 consisterent

114 619 278 693 fortiterque
297 619 438 694 impetum
456 625 623 675 nostrorum
642 617 764 675 militurn
785 618 965 688 sustinerent,
984 616 1104 693 priores,

114 717 194 793 quod
220 715 322 774 abesse
347 733 365 774 a
388 712 517 792 periculo
541 714 703 772 viderentur
730 733 825 790 neque
853 715 911 773 ulla
934 713 1104 772 necessitate

113 831 209 890 neque
232 812 354 889 imperio
379 812 603 882 continerentur,
625 812 760 870 exaudito
785 812 911 870 clamore
935 810 1133 888 perturbatiss

113 911 263 969 ordinibus
276 927 380 968 omnes
397 910 427 966 in
440 909 510 984 fuga
527 909 580 967 sibi
597 909 772 984 praesidium
786 918 935 985 ponerent
978 907 1023 966 Ita
1043 907 1104 966 sine

113 1008 173 1066 ullo
187 1007 315 1083 periculo
327 1015 437 1064 tantam
451 1025 552 1064 eorum
566 1006 778 1064 multitudinem
789 1008 880 1065 nostri
894 1005 1105 1074 interfecerunt,

114 1115 254 1182 quantum
268 1104 321 1162 suit
339 1105 395 1163 diei
415 1105 548 1180 spatium,
563 1105 617 1162 sub
634 1121 829 1180 occasumque
849 1104 917 1162 solis
938 1102 1108 1162 destiterunt

114 1220 203 1277 seque
218 1203 246 1260 in
262 1211 362 1272 castra,
377 1211 409 1260 ut
422 1211 482 1259 erat
496 1201 677 1278 imperatum,
692 1211 870 1278 receperunt.

154 1305 201 1358 12.
223 1299 363 1358 Postridie
388 1299 449 1357 eius
474 1299 533 1357 diei
557 1298 673 1370 Caesar,
700 1300 868 1376 priusquam
892 1318 923 1359 se
947 1300 1046 1358 hostes
1070 1317 1106 1358 ex
1124 1320 1153 1355 10

114 1405 222 1456 terrore
240 1415 275 1456 ac
293 1396 362 1472 suga
380 1397 548 1472 reciperent,
563 1396 593 1454 in
610 1396 683 1455 fines
704 1395 901 1469 Suessionum,
915 1397 965 1474 qui
983 1396 1107 1472 proximi

116 1489 217 1553 Remis
237 1505 324 1567 erant,
340 1495 497 1554 exercitum
515 1493 595 1552 duxit
609 1504 638 1552 et
651 1513 760 1571 magno
777 1495 877 1552 itinere
895 1493 1054 1570 [conlecto]
1070 1492 1108 1550 ad

116 1593 258 1670 oppidum
276 1592 485 1652 Noviodunum
503 1593 660 1651 contendit.
702 1592 739 1651 Id
760 1611 796 1651 ex
817 1594 915 1651 itinere
937 1609 1108 1668 oppugnare

116 1700 245 1762 conatus,
257 1691 338 1767 quod
351 1709 474 1750 vacuum
488 1691 525 1748 ab
540 1690 741 1750 defensoribus
756 1709 820 1749 esse
834 1691 977 1768 audiebat,
991 1698 1110 1764 propter

115 1789 295 1848 latitudinem
309 1788 405 1848 fossae
418 1788 551 1865 murique
570 1789 750 1848 altitudinem
769 1789 870 1864 paucis
890 1786 1108 1847 defendentibus
1126 1805 1153 1855 15

117 1905 283 1964 expugnare
295 1905 356 1946 non
370 1887 472 1964 potuit.
514 1885 623 1946 Castris
634 1887 752 1944 munitis
766 1886 863 1946 vineas
878 1905 964 1962 agere
979 1903 1110 1963 quaeque

117 1987 156 2044 ad
183 1983 414 2060 oppugnandum
441 1983 506 2042 usui
538 1992 619 2041 erant
647 2002 816 2060 comparare
844 1983 949 2061 coepit.
990 1982 1111 2041 Interim

118 2082 214 2142 omnis
235 2099 272 2139 ex
290 2081 360 2156 fuga
381 2079 570 2138 Suessionum
592 2081 744 2140 multitudo
765 2083 795 2139 in
816 2082 958 2157 oppidum
978 2080 1112 2156 proxima

118 2189 205 2240 nocte
229 2177 372 2238 convenit.
415 2176 552 2236 Celeriter
572 2177 662 2236 vineis
683 2178 720 2236 ad
742 2179 883 2260 oppidurn
905 2178 984 2249 actis,
1006 2195 1111 2254 aggere

118 2281 194 2338 iacto
228 2277 410 2352 turribusque
445 2275 605 2334 constitutis
640 2276 841 2351 magnitudine
875 2293 1005 2352 operum,
1038 2293 1158 2351 quaero

119 2394 214 2452 neque
242 2374 371 2432 viderant
399 2383 465 2432 ante
495 2372 570 2432 Galli
598 2390 693 2448 neque
725 2374 882 2445 audierant,
911 2383 940 2432 et
971 2373 1113 2432 celeritate

119 2475 323 2533 Romanorum
350 2471 474 2548 permoti
506 2472 618 2546 legatos
645 2471 683 2530 ad
712 2470 867 2530 Caesarem
899 2471 935 2530 de
967 2471 1113 2531 deditione

119 2573 238 2630 mittunt
258 2579 295 2641 et,
316 2569 481 2646 petentibus
503 2568 612 2640 Remis,
633 2577 666 2627 ut
687 2579 931 2641 conservarentur,
953 2568 1114 2646 impetrant.

120 2676 166 2729 13.
190 2668 299 2727 Caesar
323 2667 472 2725 obsidibus
496 2666 622 2741 acceptis
646 2667 746 2742 primis
770 2667 889 2726 civitatis
917 2676 1003 2743 atque
1026 2668 1116 2744 ipsius

121 2768 234 2826 Galbae
246 2766 322 2842 regis
337 2765 451 2823 duobus
463 2765 526 2822 filiis
538 2765 681 2840 armisque
693 2767 829 2824 omnibus
840 2785 875 2824 ex
887 2767 997 2843 oppido
1008 2767 1116 2826 traditis
1132 2793 1160 2842 ²⁵

120 2868 151 2925 in
167 2865 344 2925 deditionem
360 2863 531 2921 Suessiones
545 2864 657 2937 accepit
676 2864 890 2939 exercitumque
904 2865 935 2920 in
949 2863 1117 2924 Bellovacos

121 2964 208 3023 ducit.
250 2963 391 3034 Quicum
407 2979 437 3019 se
453 2979 562 3036 suaque
574 2961 674 3019 omnia
687 2961 718 3017 in
729 2961 872 3048 oppidum
883 2961 1116 3038 Bratuspantium

122 3061 320 3130 contulissent,
336 3070 422 3135 atque
437 3059 474 3116 ab
489 3077 525 3116 eo
540 3058 650 3134 oppido
663 3056 771 3116 Caesar
786 3077 852 3116 cum
867 3059 994 3118 exercitu
1009 3060 1118 3118 circiter

121 3160 201 3218 milia
228 3175 366 3234 passuum
394 3157 522 3233 quinque
551 3157 675 3227 abesset,
699 3173 803 3215 omnes
832 3157 956 3214 maiores
983 3167 1054 3215 natu
1081 3177 1117 3216 ex

123 3255 234 3332 oppido
256 3254 365 3330 egressi
388 3271 492 3311 manus
514 3252 552 3311 ad
573 3252 728 3311 Caesarem
746 3252 867 3310 'tendere
888 3263 917 3310 et
937 3270 1009 3312 voce
1030 3256 1118 3330 signi·
1132 3277 1163 3323 30

123 3355 209 3412 ficare
235 3361 401 3427 coeperunt,
425 3367 488 3408 sese
513 3349 543 3406 in
567 3350 629 3408 eius
653 3349 742 3407 fidem
767 3367 801 3406 ac
825 3357 998 3424 potestatem
1022 3353 1118 3412 venire

124 3468 220 3526 neque
238 3458 339 3506 contra
357 3447 498 3522 populum
518 3445 687 3504 Romanum
706 3446 793 3504 armis
810 3446 993 3506 contendere.
1034 3448 1116 3523 Item,

126 3565 193 3608 cum
218 3545 256 3605 ad
280 3544 423 3621 oppidum
447 3543 617 3602 accessisset
641 3551 792 3617 castraque
821 3542 860 3600 ibi
886 3555 1015 3620 poneret,
1039 3549 1120 3624 pueri
