2634 3914
146 219 206 286 132
473 213 502 263 o.
525 215 618 262 rurrr
638 213 809 262 caesareis
932 212 935 218 ’
1087 213 1132 266 vr.

144 363 248 422 eodem
268 363 426 423 occiderint
444 364 568 434 castello,
581 373 647 421 ante
661 363 763 422 oculos
781 371 902 439 ponunt.
945 361 1011 420 Tali
1030 361 1133 421 timore

144 461 279 521 omnibus
314 461 468 537 perterritis
505 461 691 519 confirmatur
725 461 825 536 opinio
860 461 997 529 barbaris,
1031 471 1063 518 ut
1097 479 1133 518 ex

144 561 256 636 captivo
291 561 448 632 audierant,
483 560 593 619 nullum
629 577 693 618 esse
727 559 802 617 intus
839 558 1023 635 praesidium.
1065 558 1132 617 Per-

142 675 275 734 rumpere
297 659 426 716 nituntur
446 676 535 734 seque
556 658 610 733 ipsi
631 657 827 727 adhortantur,
844 674 881 714 ne
898 645 1008 714 tantam
1022 656 1132 715 fortun-

115 774 191 823 5am
214 774 251 813 ex
271 756 406 814 manibus
429 756 581 814 dimittant.
623 761 675 814 38.
696 754 766 812 Erat
788 772 875 829 aeger
897 771 964 813 cum
988 754 1132 829 praesidio

142 853 256 912 relictus
289 854 407 912 Publius
439 853 554 912 Sextius
581 853 715 924 Baculus,
747 852 797 930 qui
824 853 949 928 primum
977 852 1068 927 pilum
1095 852 1132 910 ad

143 949 298 1009 Caesarem
323 951 450 1023 duxerat,
479 952 560 1010 cuius
587 951 767 1009 mentionem
795 950 989 1025 superioribus
1017 950 1131 1026 proeliis

142 1049 272 1119 fecimus,
294 1067 328 1108 ac
349 1049 426 1108 diem
446 1050 504 1108 iam
525 1049 659 1125 quintum
679 1049 746 1106 cibo
764 1057 900 1106 caruerat.
943 1047 1002 1106 Hic
1023 1048 1131 1106 diffisus

143 1165 212 1206 suae
235 1157 320 1222 atque
345 1147 477 1205 omnium
503 1146 586 1205 saluti
606 1145 724 1204 inermis
748 1163 785 1203 ex
810 1146 996 1204 tabernaculo
1020 1146 1130 1222 prodit:

100 1266 130 1302 ιο
143 1243 219 1302 videt
232 1245 382 1304 imminere
396 1243 494 1303 hostes
512 1253 598 1320 atque
612 1243 642 1301 in
657 1259 772 1302 summo
791 1261 856 1302 esse
875 1261 937 1301 rem
953 1244 1130 1302 discrimine:

143 1342 218 1416 capit
245 1361 325 1401 arma
349 1361 367 1401 a
394 1343 534 1419 proximis
563 1350 649 1418 atque
672 1341 703 1399 in
727 1351 810 1417 porta
837 1343 978 1402 consistit.
1021 1341 1131 1402 Conse·

142 1449 268 1515 quuntur
292 1440 370 1499 hunc
394 1441 577 1499 centuriones
601 1440 663 1497 eius
691 1438 827 1510 cohortis,
856 1457 930 1516 quae
954 1441 985 1498 in
1009 1443 1131 1500 statione

142 1547 216 1595 erat:
246 1539 394 1615 paulisper
414 1556 473 1596 una
493 1537 636 1614 proelium
657 1537 808 1594 sustinent.
850 1537 998 1616 Relinquit
1018 1541 1131 1598 animus
1158 1565 1165 1586 x

144 1631 273 1694 Sextium
300 1637 434 1712 gravibus
462 1635 589 1712 acceptis
616 1634 799 1692 vulneribus:
835 1651 921 1710 aegre
948 1653 1001 1711 per
1027 1654 1131 1695 manus

100 1751 128 1802 15
143 1742 249 1791 tractus
274 1743 407 1792 servatur.
449 1733 519 1792 Hoc
544 1732 638 1809 spatio
659 1731 829 1807 interposito
850 1731 950 1808 reliqui
975 1749 1038 1792 sese
1059 1751 1131 1792 con-

142 1829 256 1888 firmant
290 1841 410 1903 tantum,
444 1841 475 1890 ut
509 1831 539 1889 in
574 1829 782 1888 munitionibus
816 1829 973 1888 consistere
1007 1830 1132 1889 audeant

143 1928 328 2005 speciemque
360 1929 546 1988 defensorum
574 1928 740 2004 praebeant.
782 1925 975 1985 salmoim
1000 1927 1132 1987 conlecta

142 2023 362 2084 frumentatione
393 2027 498 2085 milites
527 2026 617 2084 nostri
646 2025 804 2083 clamorem
834 2024 1007 2082 exaudiunt:
1048 2044 1131 2101 prae-

142 2132 259 2181 currunt
287 2125 416 2200 equites;
454 2133 563 2201 quanto
588 2141 634 2182 res
664 2123 701 2180 sit
727 2121 758 2179 in
785 2120 913 2196 periculo
940 2134 1129 2196 cognoscunt.

97 2246 129 2280 20
142 2218 201 2278 Hic
214 2237 282 2278 vero
302 2221 379 2278 nulla
397 2222 518 2280 munitio
538 2230 589 2290 est,
609 2239 683 2296 quae
704 2219 867 2294 perterritos
886 2218 1019 2294 recipiat:
1041 2221 1131 2279 modo

141 2317 297 2393 conscripti
311 2327 397 2394 atque
411 2336 481 2376 usus
497 2318 626 2376 militaris
646 2317 769 2392 imperiti
788 2316 825 2374 ad
845 2315 990 2374 tribunum
1009 2317 1131 2376 militurn

142 2415 381 2492 centurionesque
410 2433 461 2474 ora
488 2424 672 2474 convertunt:
708 2413 777 2489 quid
805 2414 842 2471 ab
869 2413 914 2472 his
941 2416 1132 2492 praecipiatur

142 2521 318 2587 exspectant.
361 2512 458 2572 Nemo
487 2523 531 2571 est
552 2525 612 2571 tarn
636 2512 726 2582 fortis,
755 2511 825 2588 quin
846 2511 887 2569 rei
915 2513 1039 2571 novitate
1067 2532 1131 2590 per·

141 2610 275 2666 turbetur.
318 2609 437 2667 Barbari
470 2611 554 2686 signa
584 2608 685 2684 procul
718 2609 876 2684 conspicati
910 2612 1130 2686 oppugnatione

97 2728 127 2778 25
142 2705 297 2763 desistunt:
331 2705 439 2764 redisse
466 2708 561 2782 primo
589 2706 722 2782 legiones
755 2707 884 2778 credunt,
913 2726 985 2784 quas
1015 2709 1131 2783 longius

141 2803 307 2862 discessisse
328 2821 364 2862 ex
384 2805 502 2880 captivis
524 2812 738 2880 cognoverant:
762 2813 866 2878 postea
886 2804 1022 2880 despecta
1040 2823 1130 2881 pauc·

141 2903 208 2960 itate
232 2918 269 2958 ex
291 2902 427 2960 omnibus
451 2903 580 2978 partibus
604 2902 745 2977 impetum
770 2899 885 2960 faciunt.
927 2908 981 2961 40.
1004 2901 1130 2961 Calones

139 2999 170 3055 in
194 2999 357 3074 proximum
382 2999 524 3056 tumulum
548 3007 729 3073 procurrunt.
771 2997 850 3056 Hinc
875 2999 1002 3058 celeriter
1026 2999 1130 3058 deiecti

140 3112 171 3152 se
203 3095 234 3152 in
266 3095 349 3170 signa
375 3095 596 3173 manipulosque
624 3094 784 3152 coniciunt:
819 3113 856 3154 eo
887 3097 981 3172 magis
1011 3096 1130 3156 timidos

96 3218 127 3266 50
140 3202 296 3270 perterrent
317 3192 429 3250 milites.
471 3192 538 3263 Alii,
559 3207 653 3249 cuneo
674 3191 751 3249 facto
771 3201 803 3250 ut
827 3191 955 3252 celeriter
977 3212 1130 3270 perrump-

140 3300 197 3359 ant,
229 3299 356 3360 censent‚
390 3289 528 3366 quoniam
556 3297 627 3346 tam
643 3289 806 3365 propinqua
833 3291 890 3350 sint
917 3300 1018 3362 castra,
1045 3301 1074 3350 et
1104 3293 1131 3372 si

140 3404 205 3462 pars
225 3386 321 3463 aliqua
341 3387 534 3445 circumventa
555 3385 697 3455 ceciderit,
719 3395 748 3444 at
768 3387 893 3463 reliquos
914 3389 1018 3447 servari
1039 3407 1130 3464 posse

140 3483 289 3545 confidunt
298 3503 307 3558 ;
336 3485 390 3558 alii,
408 3494 440 3543 ut
456 3485 571 3569 iniugo
593 3484 751 3543 consistant
771 3495 856 3563 atque
877 3485 1002 3545 eundem
1022 3504 1131 3546 omncs
