2652 3928
207 197 269 265 186
590 217 628 275 A.
651 221 774 274 arnrrr
1119 221 1193 267 rur.

203 373 345 438 quantun
362 364 552 429 hibernorum
570 371 770 446 opportunitas
786 368 909 446 bellique
928 370 1000 428 ratio
1021 365 1194 445 postulabat

205 472 346 537 perpetuo
365 481 419 522 suo
433 465 531 524 labore
545 468 575 526 in
586 469 681 526 uicem
699 468 862 544 legionibus
884 468 1100 544 expeditionum
1115 480 1194 524 onus

206 557 382 634 iniungebat.
418 567 446 622 7.
468 561 525 622 His
539 565 634 640 copiis
648 565 757 625 coactis
771 566 809 628 ad
823 564 992 628 Bellovacos
1003 561 1194 640 proficiscitur

202 657 364 733 castrisque
384 659 414 716 in
432 677 535 722 eorum
556 661 662 723 finibus
683 663 785 738 positis
805 662 935 738 equiturn
948 672 1060 725 turaias
1078 659 1195 720 dimittit

177 752 236 812 tin
255 770 358 816 omnes
376 766 472 831 partes
488 758 529 817 ad
545 759 658 835 aliquos
673 759 871 836 excipiendae,
887 778 925 824 ‚ex
944 759 1048 835 quibus
1063 757 1193 820 hostium

203 851 327 912 consilia
362 864 561 928 ‚cognosceret
613 855 738 932 'Equites
776 857 871 920 officio
906 855 995 916 functi
1029 855 1194 918 renuntiant

202 965 316 1021 paucos
343 950 374 1010 in
398 951 539 1014 aedificiis
569 971 633 1014 esse
662 955 802 1024 inventos,
831 963 922 1030 atque
954 955 1019 1024 hos,
1046 971 1111 1015 ⁴non
1143 952 1194 1027 qut

204 1062 341 1120 agrorum
373 1048 563 1108 colendorum
592 1069 684 1112 ..causa
717 1051 923 1112 remansissent
954 1053 1096 1126 (namque
1129 1066 1193 1108 esse

203 1143 333 1220 undique
357 1145 508 1221 diligenter
528 1147 743 1223 demigratum),
766 1147 818 1212 seo
840 1149 890 1224 qui
908 1147 1081 1225 speculandi
1106 1164 1194 1210 causa

161 1251 303 1304 roesseut
323 1244 443 1306 remissi.
484 1244 512 1302 A
533 1245 636 1320 quibus
657 1264 724 1309 curn
743 1255 892 1322 quaereret
908 1245 1024 1316 Caesar,
1046 1263 1105 1322 quo
1123 1245 1193 1304 loco

202 1339 357 1404 multitudo
371 1351 447 1402 esset
462 1340 680 1404 Bellovacomm
694 1343 808 1420 quodve
827 1352 903 1402 esset
915 1343 1069 1405 consilium
1083 1359 1192 1413 corum,

202 1437 385 1498 inveniebat:
420 1439 590 1502 Bellovacos
611 1459 723 1512 omnes,
745 1441 794 1516 qui
816 1459 895 1503 arma
915 1439 988 1506 set-re
1009 1449 1138 1516 possent,
1161 1439 1193 1500 5²1

204 1553 296 1594 unum
327 1537 426 1596 locum
459 1539 638 1610 convenisse,
672 1539 801 1615 itemque
833 1539 1006 1610 Ambianos
1042 1539 1192 1608 Aulercos,

207 1631 332 1703 Caletos,
354 1634 537 1704 Veliocassis,
559 1635 729 1708 Atrebates-3
755 1637 855 1700 locum
870 1638 973 1700 castris
994 1637 1142 1697 excelsum
1162 1637 1192 1700 iu

162 1745 192 1794 15
205 1729 276 1790 silva
298 1731 473 1793 circumdata
494 1733 601 1809 palude
626 1733 776 1810 delegisse,
804 1735 1009 1811 impedimenta
1036 1735 1135 1796 omnia
1161 1735 1193 1795 in

205 1827 353 1887 ulteriores
374 1829 457 1887 silvas
478 1831 641 1889 contulisse.
680 1829 856 1907 Complures
877 1850 941 1896 esse
960 1833 1105 1908 principes
1125 1831 1192 1896 belli

204 1934 345 1997 auctores,
370 1926 425 1986 sed
452 1927 663 1992 multitudinem
690 1928 816 1992 maxime
840 1928 954 1990 Correo
982 1931 1192 2006 obtemperare,

202 2023 285 2099 quod
306 2023 331 2082 ei
350 2041 468 2084 summo
490 2043 553 2086 esse
574 2026 643 2090 odio
665 2043 773 2084 nomen
794 2026 893 2102 populi
916 2026 1044 2086 Romani
1064 2027 1193 2088 intellex-

202 2121 303 2180 issent.
345 2121 448 2186 Paucis
468 2131 534 2186 ante
553 2122 654 2184 diebus
675 2141 711 2186 ex
728 2123 772 2182 his
791 2125 891 2184 castris
912 2125 1081 2184 Atrebatem
1103 2123 1193 2188 Com·

162 2219 295 2278 aomium
334 2220 509 2280 discessisse
537 2219 574 2278 ad
612 2221 716 2282 auxilia
749 2219 964 2284 vGerrnanoruur
1005 2221 1192 2294 adducenda5

204 2333 327 2391 quorum
350 2326 379 2376 et
402 2317 531 2381 vicinitas
555 2318 720 2393 propinqua
743 2328 772 2376 et
796 2318 949 2378 multitudo
973 2328 1049 2378 esset
1072 2317 1192 2380 inante.

205 2413 396 2472 Constituisse
411 2424 507 2474 autem
522 2413 691 2474 Bellovacos
706 2415 841 2475 omnium
860 2415 1023 2491 principum
1037 2433 1192 2486 consensu,

203 2529 319 2570 summa
335 2511 427 2587 plebis
445 2511 608 2587 cupiditate,
629 2512 662 2581 si,
683 2521 715 2574 ut
728 2513 877 2583 diceretur,
893 2512 1000 2572 Caesar
1019 2531 1087 2572 cum
1100 2514 1193 2578 tribus

203 2611 366 2686 legionibus
378 2609 498 2680 veniret,
510 2610 615 2672 offerre
629 2629 660 2670 se
674 2611 712 2674 ad
726 2611 930 2683 dimicandum,
945 2630 982 2670 ne
996 2612 1143 2674 miseriore
1157 2630 1193 2676 ac

162 2725 191 2775 ²5
205 2708 318 2766 duriore
331 2718 434 2784 postea
454 2708 626 2768 condicione
642 2726 709 2766 cum
723 2717 786 2770 toto
805 2709 931 2772 exercitu
945 2709 1091 2767 decertare
1101 2727 1192 2784 ..coge-

204 2814 317 2877 rentur;
338 2804 363 2866 si
380 2805 505 2866 maiores
524 2805 624 2880 copias
643 2805 806 2876 adduceret,
819 2806 851 2868 in
869 2824 907 2866 eo
925 2806 992 2864 loco
1009 2824 1190 2881 permanere,

142 2957 147 2964 .
200 2921 292 2978 quern
315 2902 496 2977 delegissent,
521 2903 709 2978 pabulatione
736 2913 841 2974 autem,
871 2921 945 2979 quae
972 2912 1089 2978 propter
1121 2905 1191 2964 anni

200 3011 317 3076 ,tempus
338 3018 405 3064 curu
426 3001 532 3075 exigua
558 3009 620 3064 tum
649 3001 767 3060 disiecta
795 3009 878 3070 esset,
907 3009 935 3058 et
962 2999 1186 3064 frumentatione

203 3109 231 3156 et
252 3098 365 3173 reliquo
389 3107 554 3160 commeatu
576 3116 613 3156 ex
640 3097 750 3156 insidiis
777 3097 929 3172 prohibere
954 3096 1114 3158 Romanos
1158 3105 1188 3156 8.

158 3212 192 3260 ,30
200 3197 286 3269 Quae
302 3195 409 3256 Caesar
429 3195 675 3258 consentientibus
694 3193 822 3270 pluribus
841 3211 908 3251 curn
928 3203 1084 3270 cognosset
1101 3204 1189 3271 atquc

198 3311 244 3363 ea,
263 3311 337 3368 quae
356 3300 593 3368 proponerentur,
615 3293 734 3355 consilia
755 3292 841 3366 plena
858 3291 1026 3366 prudentiae
1042 3291 1189 3368 longeque

201 3409 219 3452 a
245 3390 402 3451 temeritate
429 3389 618 3452 barbarorum
644 3398 756 3446 remota
784 3406 847 3446 esse
875 3388 1021 3458 iudicaret,
1052 3389 1187 3452 omnibus

200 3488 285 3546 rebus
306 3485 518 3544 inserviendum
543 3485 647 3558 statuit,
673 3504 731 3562 quo
752 3485 871 3547 celerius
896 3485 994 3544 hostes
1019 3496 1187 3564 contempta
