2606 3934
215 236 254 305 52
513 240 542 288 C.
565 241 582 286 1
585 239 659 286 ULII
680 236 852 286 CAESARIS
1147 243 1191 286 111.

216 385 300 460 signo
322 385 389 445 dato
405 388 563 459 decurrere,
581 388 691 463 lapides
712 406 857 464 gaesaque
874 389 905 446 in
925 388 1031 446 vallum
1053 388 1193 446 conicere:

214 485 304 541 nostri
323 486 417 559 primo
435 487 553 561 integris
567 488 672 544 viribus
690 486 799 544 fortiter
817 504 978 561 repugnare
1000 504 1095 560 neque
1111 485 1194 544 ullum

214 581 316 642 fmstra
329 585 419 642 telum
433 603 468 642 ex
482 585 547 642 loeo
562 586 707 661 superiore
721 585 840 654 mittere,
855 594 886 642 ut
901 602 1032 660 quaeque
1046 602 1113 659 pars
1127 592 1195 641 cast·

213 697 311 738 rorum
331 681 439 740 nudata
458 680 657 740 defensoribus
676 683 768 757 premi
781 681 936 751 videbatur,
951 699 987 738 eo
1002 698 1149 738 occurrere
1170 688 1196 736 et

185 777 348 854 ,auxilium
370 778 451 850 ferre,
473 779 525 837 sed
545 778 602 838 hoc
623 779 757 854 superari,
779 779 859 854 quod
880 778 1063 836 diuturnitate
1085 797 1196 854 pugnae

213 875 311 932 hostes
328 875 433 934 defessi
447 877 557 952 proelio
575 878 762 946 excedebant,
781 877 827 934 alii
841 877 959 951 integris
978 876 1083 934 viribus
1103 894 1196 934 succe·

213 973 329 1044 debant,
344 992 465 1048 quarum
479 993 573 1032 rerum
587 994 604 1032 a
618 976 723 1034 nostris
737 984 854 1050 propter
868 975 1041 1049 paucitatem
1056 974 1115 1032 fieri
1129 973 1196 1030 nihil

212 1082 333 1146 poterat,
355 1091 389 1130 ac
410 1091 468 1130 non
490 1074 578 1132 modo
599 1075 713 1132 defesso
733 1092 768 1131 ex
785 1092 885 1149 pugna
901 1072 1069 1143 excedendi,
1092 1071 1198 1130 sedne

213 1169 310 1226 saucio
332 1169 449 1244 quidem
470 1172 530 1228 eius
551 1171 615 1240 loci,
637 1171 687 1228 ubi
708 1173 880 1241 constiterat,
902 1170 1083 1244 relinquendi
1101 1187 1134 1226 ac
1156 1169 1199 1226 sui

170 1293 199 1326 ιο
211 1268 365 1342 recipiendi
380 1268 498 1327 facultas
518 1269 645 1328 dabatur.
687 1276 715 1328 5.
738 1268 814 1327 Cum
834 1270 892 1326 iam
910 1269 1033 1344 amplius
1053 1269 1129 1326 horis
1149 1286 1199 1325 sex

211 1365 391 1424 continenter
412 1377 587 1442 pugnaretur
607 1385 641 1424 ac
663 1385 723 1425 non
746 1367 840 1424 solum
860 1368 941 1437 vires
964 1367 1016 1425 sed
1037 1367 1123 1424 etiam
1144 1365 1200 1423 tela

210 1473 325 1522 nostros
345 1463 508 1534 deficerent,
531 1473 616 1539 atque
629 1463 728 1522 hostes
748 1465 840 1522 acrius
861 1465 1000 1522 instarent
1015 1463 1200 1538 languidiori-

211 1563 321 1636 busque
335 1563 440 1620 nostris
454 1562 559 1620 vallum
574 1561 702 1620 scindere
717 1571 745 1620 et
759 1562 852 1620 fossas
867 1563 1012 1637 complere
1026 1562 1200 1636 coepissent,

210 1677 312 1734 resque
341 1670 417 1718 esset
441 1661 499 1728 iarn
527 1661 564 1718 ad
591 1670 752 1718 extremum
779 1661 917 1735 perducta
944 1677 1052 1730 casum,
1081 1658 1201 1716 Publius

168 1763 196 1812 Ῑ5
213 1755 325 1815 Sextius
347 1757 479 1827 Baculus,
500 1758 584 1833 primi
604 1757 653 1832 pili
675 1758 812 1827 centurio,
835 1775 921 1832 quern
942 1757 1066 1815 Nervico
1088 1756 1202 1830 proelio

211 1854 406 1928 compluribus
431 1854 595 1912 confectum
616 1855 779 1913 vulneribus
802 1855 936 1924 diximus
965 1865 993 1912 et
1017 1855 1086 1912 item
1108 1853 1203 1911 Gaius

210 1948 383 2022 Volusenus,
402 1953 530 2010 tribunus
547 1953 676 2023 militum,
691 1953 733 2009 vir
747 1962 774 2010 et
793 1953 904 2010 consilii
922 1952 1021 2026 magni
1038 1961 1066 2009 et
1080 1951 1203 2022 virtutiS,

210 2047 247 2104 ad
259 2046 383 2105 Galbam
397 2059 548 2108 accurrunt
562 2059 647 2125 atque
661 2069 750 2108 unam
761 2068 824 2108 esse
838 2067 920 2125 spem
935 2049 1030 2106 salutis
1045 2049 1160 2118 docent,
1178 2049 1205 2106 si

211 2147 360 2221 eruptione
388 2146 463 2205 facta
493 2158 654 2206 extremum
687 2149 822 2206 auxilium
854 2147 1055 2221 experirentur.
1097 2147 1205 2221 Itaque

166 2263 196 2297 20
209 2243 374 2302 convocatis
408 2247 621 2304 centurionibus
656 2246 783 2304 celeriter
816 2245 918 2303 milites
955 2245 1089 2302 certiores
1124 2243 1205 2320 facit,

209 2341 354 2416 paulisper
371 2341 588 2400 intermitterent
606 2344 746 2417 proelium
764 2362 797 2402 ac
818 2342 1019 2402 tantummodo
1039 2341 1095 2399 tela
1110 2342 1207 2399 missa

210 2438 376 2512 exciperent
405 2457 493 2515 seque
514 2458 550 2497 ex
571 2440 669 2498 labore
697 2441 853 2511 reficerent,
874 2450 941 2515 post
961 2440 1029 2497 dato
1057 2439 1142 2513 signo
1166 2458 1207 2496 ex

210 2536 310 2594 castris
338 2546 519 2616 erumperent
547 2545 632 2611 atque
660 2554 777 2594 omnem
805 2555 888 2612 spem
906 2527 1012 2594 'salutis
1040 2536 1070 2593 in
1097 2536 1207 2594 virtute

210 2643 360 2708 ponerent.
402 2639 431 2691 6.
454 2632 543 2704 Quod
567 2634 637 2692 iussi
659 2643 733 2704 sunt,
758 2633 865 2692 faciunt
889 2652 923 2691 ac
946 2634 1039 2691 subito
1062 2634 1208 2692 omnibus

165 2751 194 2799 25
209 2729 300 2804 portis
318 2729 468 2804 eruptione
482 2729 558 2788 facta
579 2748 673 2805 neque
688 2731 894 2805 cognoscendi,
908 2731 978 2805 quid
997 2730 1084 2799 fieret,
1102 2748 1209 2805 neque

209 2827 253 2885 sui
267 2826 421 2901 colligendi
432 2825 562 2886 hostibus
576 2827 740 2886 facultatem
750 2828 920 2902 relinquunt.
963 2827 1007 2884 lta
1021 2836 1212 2885 commutata

208 2923 324 2982 fortuna
344 2941 404 2995 eos,
426 2924 476 3000 qui
496 2925 526 2982 in
546 2943 629 3000 spem
649 2925 856 3000 potiundorum
878 2933 1035 2982 castrorum
1051 2936 1211 2996 venerant,

208 3021 334 3097 undique
359 3021 569 3080 circumventos
597 3022 767 3080 interficiunt
788 3033 817 3080 et
843 3041 880 3080 ex
904 3021 1055 3080 hominum
1082 3021 1214 3082 milibus

208 3118 330 3194 amplius
348 3137 416 3184 xxx,
440 3137 527 3194 quem
546 3137 698 3178 numerum
714 3121 902 3178 barbarorum
921 3120 959 3177 ad
975 3128 1068 3177 castra
1084 3119 1215 3178 venisse

164 3234 194 3282 30
207 3217 366 3286 constabat,
386 3217 451 3291 plus
471 3217 552 3277 tertia
570 3226 650 3292 parte
669 3217 816 3276 interfecta
833 3219 958 3294 reliquos
979 3217 1150 3292 perterritos
1177 3219 1217 3276 in

208 3316 306 3392 fugam
321 3314 466 3373 coniciunt
476 3334 510 3374 ac
525 3335 562 3374 ne
573 3317 603 3372 in
612 3316 684 3374 locis
699 3317 816 3392 quidem
830 3318 1024 3393 superioribus
1039 3317 1217 3376 consistere

208 3413 361 3488 patiuntur.
404 3411 451 3470 Sic
465 3413 600 3471 omnibus
614 3413 740 3472 hostium
755 3415 846 3489 copiis
860 3413 930 3472 fusis
945 3413 1088 3488 armisque
1103 3415 1219 3474 exutis

209 3528 240 3574 se
251 3511 280 3570 in
292 3519 383 3571 castra
392 3512 622 3589 munitionesque
637 3531 703 3572 suas
717 3512 865 3590 recipiunt.
908 3511 976 3584 Quo
985 3511 1094 3589 proelio
1109 3511 1217 3584 facto,
1279 3575 1280 3596 ,
