2634 3914
175 158 235 222 128
385 197 407 238 4
504 171 840 233 o.1ur,rroarsnnrs
942 209 944 216 ,
1034 237 1038 242 ¹
1121 175 1166 224 vr.

173 320 317 398 reliquum
347 321 507 381 exercitum
538 323 675 399 subsequi
703 321 841 393 crederet,
870 321 991 380 dubium
1020 331 1079 393 est;
1115 322 1167 381 sed

176 429 253 478 certe
281 419 406 478 dimissis
434 439 485 497 per
513 438 599 497 agros
627 419 734 478 nuntiis
762 419 817 478 sibi
846 436 991 496 quemque
1016 419 1168 477 consulere

175 515 264 574 iussit.
306 515 440 588 Quorum
464 535 530 592 pars
554 517 585 575 in
607 517 798 575 Arduennam
822 517 930 588 silvam,
951 535 1019 592 pars
1042 517 1073 574 in
1097 535 1167 575 con-

175 606 298 673 tinenies
323 615 443 691 paludes
467 614 610 690 profugit;
635 614 685 691 qui
706 613 830 690 proximi
852 613 971 673 Oceano
993 613 1115 685 fuerunt,
1137 613 1168 672 hi

147 711 275 786 ginsulis
300 730 365 771 sese
386 713 608 783 occultaverunt,
630 729 701 788 quas
722 720 819 769 aestus
840 711 952 770 efficere
973 721 1166 770 consuerunt:
1251 747 1257 762 ·

176 809 258 868 inulti
279 828 315 868 ex
339 811 397 868 suis
419 810 523 868 finibus
544 809 651 884 egressi
676 827 708 867 se
730 827 840 886 suaque
864 809 963 866 omnia
986 809 1167 867 alienissimis

176 906 365 965 erediderunt.
408 906 589 977 Catuvolcus,
616 926 667 965 rex
699 905 834 966 dimidiae
866 907 955 983 partis
985 906 1165 976 Eburonum,

175 1004 225 1079 qui
247 1022 393 1062 unacum
413 1005 584 1080 Ambiorige
603 1004 755 1062 consilium
776 1005 884 1075 inierat,
906 1013 998 1062 aetate
1019 1004 1076 1061 iam
1096 1021 1166 1062 con-

175 1101 267 1161 fectus
281 1119 348 1160 cum
361 1103 491 1160 laborem
505 1101 572 1159 belli
585 1111 636 1159 aut
649 1101 734 1177 fugae
749 1101 821 1161 ferre
835 1120 896 1160 non
911 1110 1018 1178 posset,
1030 1101 1167 1160 omnibus

134 1225 163 1260 10
175 1200 308 1276 precibus
339 1200 495 1258 detestatus
523 1199 732 1276 Ambiorigem,
761 1199 811 1276 qui
838 1200 899 1258 eius
927 1198 1038 1257 consilii
1065 1207 1167 1256 auctor

175 1296 281 1369 luisset,
310 1306 387 1368 tax0,
416 1298 497 1356 cuius
524 1315 632 1374 magna
659 1297 690 1356 in
717 1297 811 1356 Gallia
839 1296 1054 1373 Germaniaque
1081 1297 1167 1372 copia

175 1403 227 1463 est,
253 1413 284 1453 se
309 1395 490 1454 exanimavit.
533 1400 583 1454 32.
607 1393 695 1470 Segni
724 1394 929 1472 Condrusique
957 1413 994 1452 ex
1021 1403 1108 1470 gente
1136 1403 1166 1452 et

175 1510 296 1551 numero
312 1491 534 1563 Germanorum,
550 1493 599 1570 qui
616 1503 682 1551 sunt
695 1493 769 1551 inter
784 1492 937 1551 Eburones
954 1492 1166 1568 Treverosque,

175 1589 286 1666 legatos
311 1591 349 1649 ad
373 1589 529 1649 Caesarem
551 1592 691 1650 miserunt
714 1601 836 1661 oratum,
860 1609 897 1649 ne
922 1609 953 1648 se
980 1591 1011 1647 in
1038 1589 1166 1648 hostium

133 1708 162 1758 15
176 1705 297 1746 numero
329 1686 446 1746 duceret
477 1707 550 1748 neve
577 1690 709 1748 omnium
737 1687 958 1760 Germanorum,
986 1688 1036 1764 qui
1068 1697 1166 1746 essent

176 1784 246 1842 citra
274 1783 419 1856 Rhenum,
443 1803 533 1845 unam
557 1805 621 1844 esse
649 1805 767 1846 causam
794 1787 947 1845 iudicaret:
979 1785 1048 1844 nihil
1073 1805 1104 1844 se
1128 1785 1164 1844 de

175 1879 252 1940 bello
281 1883 432 1958 cogitasse,
460 1883 539 1942 nulla
569 1885 729 1959 Ambiorigi
760 1884 864 1942 auxilia
894 1884 1014 1942 misisse.
1057 1882 1166 1942 Caesar

177 1978 323 2055 explorata
341 1999 372 2038 re
392 1983 559 2058 quaestione
573 1984 760 2058 captivorum,
775 1983 799 2041 si
818 1983 868 2060 qui
887 1982 925 2040 ad
943 1999 994 2038 eos
1012 1981 1165 2039 Eburones

177 2095 213 2136 ex
234 2078 303 2154 fuga
324 2081 534 2153 convenissent,
555 2081 594 2140 ad
614 2101 645 2141 se
666 2092 698 2141 ut
717 2082 928 2149 reducerentur,
947 2082 1113 2157 imperavit:
1140 2083 1165 2140 si

133 2197 164 2233 ιο
176 2177 216 2235 ita
243 2177 387 2248 fecissent,
416 2179 488 2238 lines
516 2198 617 2238 eorum
652 2199 684 2238 se
717 2180 888 2238 violaturum
919 2180 1042 2254 negavit.
1084 2180 1165 2238 Turn

177 2275 268 2351 copiis
289 2276 320 2333 in
344 2276 393 2334 tris
417 2286 514 2351 partes
538 2277 693 2336 distributis
718 2276 925 2353 impedimenta
948 2277 1080 2334 omniurn
1104 2276 1165 2352 leg·

177 2373 277 2431 ionum
298 2373 482 2432 Aduatucam
506 2375 633 2432 contulit.
676 2374 712 2431 Id
736 2374 843 2433 castelli
867 2392 977 2432 nomen
1001 2384 1052 2432 est.
1094 2373 1165 2432 Hoc

177 2467 235 2528 fere
260 2480 304 2529 est
331 2471 362 2528 in
387 2472 488 2530 mediis
513 2471 685 2530 Eburonum
713 2472 826 2542 finibus,
851 2473 902 2531 ubi
926 2471 1054 2531 Titurius
1078 2483 1165 2549 atque

177 2567 387 2628 Aurunculeius
425 2569 569 2628 hiemandi
606 2589 694 2629 causa
730 2571 929 2629 consederant.
973 2569 1063 2628 Hune
1097 2588 1165 2628 cum

133 2685 162 2735 ²5
176 2665 293 2740 reliquis
320 2667 405 2725 rebus
432 2667 529 2724 locum
556 2668 701 2743 probarat,
726 2677 787 2726 tum
812 2668 892 2743 quod
920 2668 1073 2744 superioris
1096 2669 1165 2726 anni

176 2764 352 2823 munitiones
372 2766 499 2840 integrae
520 2767 684 2837 manebant,
706 2776 738 2824 ut
760 2766 882 2824 militum
901 2765 1031 2824 laborem
1052 2765 1165 2824 sublev-

176 2871 243 2920 aret
296 2861 443 2920 Praesidio
471 2863 684 2938 impedimentis
715 2864 861 2940 legionem
889 2864 1165 2940 quartamdecimam

175 2960 295 3036 reliquit,
316 2979 405 3018 unam
430 2979 466 3019 ex
490 2961 533 3019 his
558 2962 655 3032 tribus,
678 2981 749 3039 quas
777 2963 908 3039 proxime
929 2963 1107 3039 conscriptas
1127 2982 1165 3023 ex

176 3057 258 3116 Italia
284 3057 454 3116 traduxerat
496 3057 532 3115 Ei
555 3059 663 3136 legioni
687 3061 845 3137 castrisque
869 3060 1011 3132 Quintum
1036 3061 1166 3120 Tullium

133 3171 164 3222 30
178 3154 351 3215 Ciceronem
384 3157 513 3231 praeficit
555 3157 752 3234 ducentosque
791 3159 902 3235 equites
939 3159 1073 3218 attribuit.
1113 3166 1164 3220 ³3.
1205 3193 1220 3247 ξ-

177 3251 284 3311 Partito
311 3254 438 3311 exercitu
468 3254 506 3313 T.
533 3252 696 3312 Labienum
724 3274 791 3314 curn
821 3257 985 3330 legionibus
1011 3257 1100 3316 tribus
1127 3259 1167 3316 ad
1200 3256 1209 3330 ξ’

178 3348 330 3409 Oceanum
351 3369 449 3408 versus
473 3351 504 3408 in
528 3369 577 3410 eas
602 3363 705 3427 partes,
731 3371 805 3429 quae
832 3353 987 3430 Menapios
1012 3356 1166 3431 attingunt,

178 3447 323 3522 proficisci
348 3448 428 3505 iubet
434 3466 443 3520 ;
480 3447 586 3507 Gaium
617 3450 797 3510 Trebonium
825 3470 892 3511 curn
922 3453 985 3530 pari
1016 3453 1167 3530 legionum
