2634 3914
183 222 224 302 84
504 238 532 286 o.
555 236 648 284 marr
670 233 842 284 onnsnnrs
1143 239 1171 284 v.

183 384 232 460 qui
259 384 382 444 doceant
409 383 479 442 nihil
506 403 605 444 earum
631 403 729 444 rerum
757 385 875 461 publico
904 383 1011 443 facturn
1043 383 1171 453 consilio,

183 499 304 558 seseque
328 493 445 559 paratos
469 501 533 541 esse
558 484 758 542 demonstrant
785 483 921 560 omnibus
946 483 1108 541 rationibus
1136 483 1171 540 de

182 579 289 638 iniuriis
305 581 478 640 satisfacere.
519 580 659 656 Percepta
671 582 801 638 oratione
816 596 918 639 eorum
933 579 1042 638 Caesar
1056 579 1172 638 obsides

183 677 304 754 imperat
338 696 447 754 eosque
475 677 513 736 ad
540 687 649 736 certam
676 678 754 735 diem
781 677 885 735 adduci
912 678 1010 749 iubet;
1046 677 1101 735 nisi
1134 676 1173 734 ita

157 775 310 847 5fecerint,
330 795 394 834 sese
412 775 488 838 bello
507 774 650 838 civitatem
667 784 884 852 persecuturum
904 775 1091 836 demonstrat.
1133 773 1172 831 lis

183 872 221 930 ad
235 873 312 930 diem
326 873 466 944 adductis
480 857 515 930 ut
529 873 723 948 imperaverat,
742 874 863 932 arbitros
881 873 954 930 inter
968 873 1097 932 civitates
1115 871 1171 944 dat,

183 971 233 1048 qui
246 971 325 1028 litem
340 972 491 1028 aestiment
505 988 690 1046 poenamque
704 971 888 1028 constituant.

233 1073 262 1127 2.
284 1067 340 1126 His
382 1067 521 1127 confectis
562 1070 649 1128 rebus
690 1069 938 1143 conventibusque
979 1067 1103 1144 peractis
1143 1066 1173 1124 in

184 1165 343 1224 citeriorem
365 1165 489 1225 Galliam
509 1167 656 1225 revertitur
677 1177 762 1242 atque
782 1166 851 1224 inde
872 1166 909 1224 ad
930 1167 1085 1225 exercitum
1107 1183 1173 1242 pro·

142 1281 172 1316 10
184 1264 325 1345 ficiscitur.
366 1263 412 1322 Eo
434 1283 501 1322 cum
517 1265 650 1335 venisset,
668 1264 791 1322 circuitis
812 1265 949 1322 omnibus
969 1263 1097 1322 hibernis
1116 1265 1174 1322 sin-

183 1361 274 1438 gulari
304 1361 427 1419 militum
458 1362 556 1420 studio
585 1362 616 1419 in
644 1377 758 1420 summa
784 1363 916 1420 omnium
944 1380 1040 1420 rerum
1073 1362 1175 1438 inopia

184 1459 294 1517 circiter
313 1469 464 1519 sexcentas
482 1461 543 1518 eius
560 1459 682 1536 generis,
700 1460 780 1518 cuius
800 1477 887 1535 supra
907 1460 1174 1531 demonstravimus

184 1575 274 1616 naves
303 1567 332 1616 et
358 1557 460 1633 longas
489 1574 584 1615 nxvur
611 1558 721 1616 invenit
747 1558 900 1616 instructas
928 1577 1024 1635 neque
1051 1558 1175 1616 multum

185 1655 287 1713 abesse
315 1656 352 1712 ab
380 1673 426 1726 eo,
452 1656 522 1732 quin
550 1657 650 1732 paucis
679 1657 779 1716 diebus
808 1657 912 1716 deduci
941 1656 1063 1732 possint.
1106 1655 1176 1715 Col·

143 1763 171 1815 15
185 1751 308 1810 laudatis
333 1753 471 1812 militibus
496 1765 582 1830 atque
607 1755 650 1827 iis,
674 1754 723 1830 qui
744 1756 863 1831 negotio
888 1753 1080 1830 praefuerant,
1106 1755 1176 1828 quid

185 1849 247 1907 fieri
266 1849 341 1920 velit,
361 1851 487 1910 ostendit
507 1860 593 1927 atque
608 1870 710 1910 omnes
730 1853 767 1911 ad
786 1862 902 1928 portum
916 1851 1003 1910 Itium
1022 1851 1177 1912 convenire

186 1947 273 2018 iubet,
316 1966 375 2024 quo
413 1967 449 2006 ex
490 1959 577 2024 portu
617 1950 887 2011 commodissimum
924 1950 955 2012 iu
995 1948 1177 2009 Britanniam

187 2045 336 2104 traiectum
360 2063 423 2104 esse
449 2055 632 2121 cognoverat,
654 2047 764 2105 circiter
786 2047 897 2106 milium
919 2064 1057 2121 passuum
1078 2065 1137 2104 xxx
1159 2065 1178 2106 a

187 2141 363 2200 continenti:
398 2143 465 2202 huic
492 2143 534 2202 rei
561 2143 641 2219 quod
668 2145 736 2205 satis
769 2163 832 2204 esse
861 2145 955 2202 visum
983 2153 1028 2204 est
1054 2144 1178 2208 militum

142 2258 172 2293 πο
185 2238 305 2314 reliquit.
349 2239 417 2315 lpse
446 2259 513 2301 cum
540 2241 702 2316 legionibus
728 2243 869 2319 expeditis
897 2259 949 2300 1111
977 2252 1006 2302 et
1033 2243 1178 2320 equitibus

184 2352 260 2394 noco
287 2336 317 2394 in
338 2337 410 2396 fines
434 2337 628 2396 Treveromm
652 2339 848 2414 proficiscitur,
871 2340 953 2416 quod
973 2340 1003 2398 hi
1022 2358 1118 2416 neque
1139 2339 1178 2402 ad

185 2433 308 2492 concilia
335 2435 489 2494 veniebant
516 2453 610 2510 neque
637 2437 759 2514 irnperio
786 2438 926 2514 parebant
954 2436 1178 2513 Germanosque

186 2529 431 2590 Transrhenanos
465 2533 614 2592 sollicitare
649 2535 825 2594 dicebantur.
887 2540 917 2594 8.
960 2533 1044 2598 Haec
1078 2534 1179 2592 civitas

184 2628 275 2704 longe
303 2629 459 2704 plurimum
486 2630 574 2692 totius
602 2631 712 2690 Galliae
740 2633 868 2708 equitatu
895 2631 969 2690 valet
996 2649 1180 2707 magnasque

143 2741 172 2794 ²5
185 2726 273 2784 habet
300 2726 400 2802 copias
428 2727 566 2802 peditum,
594 2728 795 2806 Rhenumque,
825 2739 856 2791 ut
884 2747 971 2804 supra
998 2729 1181 2787 demonstra-

186 2824 288 2893 vimus,
317 2825 418 2900 tangit.
459 2825 496 2884 In
519 2844 555 2888 ea
579 2827 690 2886 civitate
715 2828 773 2886 duo
798 2827 835 2891 de
859 2827 1023 2904 principatu
1047 2827 1122 2888 inter
1146 2845 1181 2890 se

187 2921 411 2992 contendebant,
434 2921 648 2986 Indutiomarus
671 2935 701 2984 et
723 2925 889 3002 Cingetorix
901 2943 908 2998 ;
931 2925 1075 2999 equibus
1098 2923 1181 2997 alter,

189 3018 272 3076 simul
287 3027 373 3094 atque
394 3019 431 3078 de
449 3018 582 3084 Caesaris
596 3021 801 3100 legionumque
815 3023 941 3082 adventu
958 3021 1108 3098 cognitum
1125 3031 1181 3094 est,

187 3115 226 3174 ad
244 3133 312 3174 eum
326 3116 412 3188 venit,
430 3134 461 3175 se
481 3135 607 3194 suosque
625 3137 727 3183 omnes
747 3121 777 3179 in
791 3121 886 3179 officio
901 3119 1012 3182 tuturos
1031 3137 1126 3195 neque
1140 3122 1183 3184 ab

142 3229 175 3278 30
189 3215 315 3274 amicitia
333 3215 434 3291 populi
457 3214 584 3274 Romani
606 3217 769 3282 defecmros
794 3217 974 3282 confirmavit
993 3235 1127 3293 qmaeque
1149 3219 1185 3280 in

189 3312 322 3374 Treveris
346 3322 519 3400 gereretur
537 3316 671 3374 ostendit.
713 3317 753 3376 At
777 3317 993 3378 Indutiomarus
1018 3319 1186 3390 equitatum

186 3409 404 3486 peditatumque
425 3428 531 3486 cogere
552 3413 653 3488 iisque,
674 3416 723 3491 qui
744 3434 796 3492 per
816 3425 940 3477 aetatem
957 3413 988 3474 in
1004 3413 1091 3474 armis
1112 3433 1186 3475 esse

187 3524 248 3566 non
270 3515 414 3584 poteraut,
436 3507 469 3572 in
490 3509 593 3570 silvam
617 3511 807 3577 Arduennam
832 3513 943 3588 abditis,
969 3529 1044 3592 quae
1066 3512 1186 3590 ingenti
