2606 3934
119 221 215 300 5⁴8·
345 236 391 281 na
412 235 520 282 narro
544 233 692 281 onrrroo
714 232 823 280 coum
846 233 901 280 m.
1068 235 1108 301 53

120 382 199 456 quod
216 385 330 460 saepius
348 385 494 444 fortunam
509 395 648 461 temptare
663 385 757 443 Galba
770 384 888 442 nolebat
903 391 988 457 atque
1003 383 1060 440 alio
1078 400 1109 440 se

119 479 149 536 in
165 480 284 540 hiberna
303 483 423 542 consilio
443 484 553 542 venisse
570 484 750 553 meminerat,
768 483 829 540 aliis
847 481 1006 540 occurrisse
1023 482 1109 538 rebus

118 577 233 648 viderat,
258 581 384 638 maxime
408 581 541 639 frumenti
569 592 807 657 commeatusque
834 581 934 655 inopia
960 589 1109 654 permotus

117 686 233 750 postero
244 678 290 735 die
305 679 439 736 omnibus
454 679 515 736 eius
529 679 582 736 vici
596 678 733 736 aedificiis
748 679 873 736 incensis
886 677 916 734 in
930 677 1110 752 provinciam

119 776 217 833 reverti
231 777 379 834 contendit
393 796 427 835 ac
441 777 520 835 nullo
534 776 617 834 hoste
632 777 803 851 prohibente
817 785 865 834 aut
879 776 930 832 iter
941 776 1109 833 demorante
1123 777 1137 827 ⁵

117 871 298 931 incolumem·
310 875 456 949 legionem
476 875 507 931 iu
526 874 688 944 Nantuatis,
711 874 779 932 inde
797 874 828 930 in
847 873 1022 948 Allobroges
1043 891 1109 948 per·

118 969 198 1027 duxit
211 971 307 1045 ibique
322 971 464 1029 hiemavit.

159 1073 186 1126 7.
209 1067 264 1125 His
279 1069 364 1126 rebus
378 1069 467 1143 gestis
478 1087 545 1127 cum
556 1069 692 1130 omnibus
704 1067 740 1126 de
752 1068 846 1126 causis
857 1066 964 1126 Caesar
975 1078 1108 1142 pacatam

118 1163 241 1222 Galliam
269 1167 451 1238 existimaret,
482 1169 622 1243 superatis
652 1167 756 1242 Belgis,
789 1167 915 1241 expulsis
944 1165 1108 1234 Germania,

117 1262 196 1320 victis
213 1263 242 1320 in
259 1264 382 1339 Alpibus
403 1263 534 1334 Sedunis‚
555 1273 640 1339 atque
657 1265 697 1322 ita
716 1264 785 1321 inita
805 1263 900 1320 hieme
914 1263 944 1319 in
963 1263 1108 1337 Illyricum
1124 1287 1153 1322 10

116 1359 262 1435 profectus
279 1372 363 1432 esset,
378 1363 458 1436 quod
477 1380 526 1420 eas
543 1380 660 1436 quoque
681 1362 814 1419 nationes
836 1361 915 1419 adire
932 1370 960 1418 et
974 1361 1108 1435 regiones

118 1474 293 1531 cognoscere
314 1460 435 1529 volebat,
457 1461 583 1524 subitum
604 1460 711 1518 bellum
732 1460 763 1516 in
785 1458 879 1517 Gallia
899 1468 1032 1516 coortum
1053 1467 1106 1516 est.

115 1552 186 1612 Eius
214 1555 279 1612 belli
307 1556 378 1613 haec
407 1556 460 1614 suit
489 1575 584 1614 causa.
627 1557 659 1614 P.
682 1556 806 1616 Crassus
838 1555 1007 1614 adulescens
1041 1574 1108 1614 cum

115 1653 230 1727 legione
264 1655 388 1730 septima
421 1656 570 1730 proximus
605 1673 685 1712 mare
720 1654 873 1714 Oceanum
907 1655 939 1712 in
973 1654 1108 1712 Andibus

115 1750 260 1808 hiemarat.
303 1752 340 1821 Is,
361 1752 441 1827 quod
462 1753 492 1808 in
513 1752 557 1810 his
576 1752 647 1809 locis
666 1751 766 1827 inopia
785 1751 920 1809 frumenti
937 1761 1004 1820 erat,
1026 1770 1108 1826 prae·
1124 1774 1152 1824 15

115 1847 206 1906 sectos
230 1850 418 1925 tribunosque
440 1849 562 1907 militum
582 1850 745 1924 complures
770 1850 800 1906 in
823 1850 959 1907 finitimas
982 1851 1108 1908 civitates

115 1946 249 2004 frumenti
271 1965 358 2004 causa
380 1947 503 2019 dimisit;
527 1965 586 2022 quo
609 1949 640 2004 in
663 1965 783 2005 numero
807 1956 850 2005 est
875 1947 911 2004 T.
928 1947 1108 2006 Terrasidius

115 2042 221 2100 missus
248 2043 277 2100 in
299 2041 433 2113 Esubios,
459 2043 501 2101 M.
516 2043 641 2102 Trebius
670 2043 771 2102 Gallus
799 2044 830 2100 in
855 2043 1053 2113 Coriosolitas,
1069 2043 1106 2114 Q.

114 2139 255 2197 Velanius
279 2158 346 2199 cum
371 2140 407 2198 T.
424 2141 493 2199 Silio
514 2141 544 2199 in
568 2141 708 2199 Venetos.
752 2147 781 2199 8.
804 2140 899 2199 Huius
920 2151 964 2199 est
980 2141 1107 2200 civitatis

113 2237 201 2312 longe
221 2238 399 2313 amplissima
412 2239 565 2297 auctoritas
586 2239 682 2296 omnis
699 2256 767 2296 orae
782 2239 939 2296 maritimae
955 2239 1107 2314 regionum
1123 2263 1152 2298 πο

113 2353 220 2404 earum,
249 2335 329 2410 quod
356 2346 385 2394 et
408 2354 495 2395 naves
518 2336 626 2394 habent
650 2336 756 2394 Veneti
779 2336 925 2412 plurimas
950 2337 1054 2411 quibus
1077 2338 1108 2395 in

113 2431 291 2490 Britanniam
305 2434 440 2508 navigare
454 2443 638 2504 consuerunt,
653 2443 682 2491 et
702 2433 820 2491 scientia
839 2441 925 2509 atque
943 2452 998 2492 usu
1015 2433 1107 2492 nauti-

113 2547 212 2588 carum
229 2548 324 2588 rerum
338 2531 464 2606 reliquos
484 2533 659 2590 antecedunt
673 2541 701 2588 et
721 2532 750 2588 in
765 2549 874 2606 magno
889 2532 1000 2607 impetu
1021 2535 1108 2592 maris

112 2636 199 2702 atque
224 2637 325 2702 aperto
349 2628 449 2703 paucis
472 2629 603 2704 portibus
631 2629 796 2698 interiectis,
821 2646 895 2703 quos
919 2639 1019 2686 tenent
1043 2631 1107 2705 ipsi,

112 2742 216 2784 omnes
237 2725 304 2796 fere,
326 2726 376 2801 qui
397 2743 432 2784 eo
453 2727 525 2784 mari
546 2727 586 2783 uti
609 2736 795 2796 consuerunt,
815 2726 923 2785 habent
944 2729 1106 2803 vectigales.
1123 2751 1150 2801 ²5

110 2823 160 2880 Ab
174 2823 218 2881 his
236 2825 266 2882 fit
280 2825 392 2882 initium
411 2825 553 2884 retinendi
575 2824 635 2883 Silii
656 2836 741 2901 atque
756 2825 880 2893 Velanii,
895 2829 976 2901 quod
989 2847 1041 2904 per
1055 2847 1106 2888 eos

111 2940 181 2980 suos
203 2940 233 2981 se
254 2923 381 2993 obsides,
402 2941 476 2998 quos
499 2922 604 2981 Crasso
626 2923 782 2994 dedissent,
803 2925 1011 2999 reciperaturos
1033 2929 1107 2985 exis-

110 3020 259 3079 timabant.
303 3021 420 3079 Horum
440 3023 609 3080 auctoritate
629 3021 742 3078 finitimi
756 3021 873 3080 adducti
890 3025 933 3092 (ut
946 3033 1014 3081 sunt
1028 3023 1107 3081 Gall·

110 3135 195 3176 omm
214 3119 309 3176 subita
322 3127 351 3176 et
365 3119 514 3193 repentina
528 3116 671 3194 consilia),
691 3120 794 3177 eadem
811 3119 847 3177 de
866 3137 954 3177 causa
967 3120 1106 3180 Trebium

111 3214 367 3290 Terrasidiumque
385 3217 515 3286 retinent,
537 3225 566 3274 et
585 3217 712 3274 celeriter
728 3217 823 3274 missis
843 3216 944 3291 legatis
965 3236 1016 3292 per
1037 3237 1105 3278 suos
1119 3241 1151 3287 30

110 3313 257 3390 principes
280 3313 353 3370 inter
381 3331 412 3371 se
439 3313 597 3384 coniurant,
626 3314 696 3371 nihil
724 3315 779 3371 nisi
808 3314 956 3372 communi
984 3317 1104 3375 consilio

112 3419 226 3468 acturos
259 3409 441 3485 eundemque
469 3411 565 3468 omnis
594 3410 725 3468 fortunae
753 3410 862 3468 exitum
894 3429 956 3469 esse
988 3412 1103 3485 laturos,

111 3506 293 3584 reliquasque
318 3507 444 3566 civitates
467 3508 627 3578 sollicitant,
650 3517 681 3566 ut
705 3509 736 3566 in
757 3525 792 3566 ea
812 3509 949 3581 libertate,
971 3528 1059 3587 quam
1086 3531 1104 3570 a
