2606 3934
180 207 223 292 56
486 223 514 270 c.
538 221 631 269 ruarr
652 220 825 269 cassnnrs
1123 225 1174 272 111.

176 369 370 444 recipiebant:
405 371 443 429 ibi
479 389 511 430 se
545 390 642 430 rursus
683 371 777 430 isdem
811 369 1075 446 opportunitatibus
1117 370 1174 429 loci

177 467 379 526 defendebant.
422 467 508 528 Haec
543 487 579 528 eo
607 469 717 528 facilius
749 485 887 544 magnam
915 477 1028 542 partem
1058 469 1174 526 aestatis

176 563 326 636 faciebant,
353 567 433 642 quod
460 577 577 624 nostrae
602 584 690 624 naves
717 566 935 640 tempestatibus
965 565 1173 638 detinebantur,

176 679 347 739 summaque
369 674 429 722 erat
453 674 535 722 vasto
558 673 644 740 atque
667 673 767 738 aperto
790 662 871 732 mari,
896 663 1011 737 magnis
1036 664 1173 734 aestibus,

151 761 246 824 5raris
275 780 310 818 ac
336 781 428 838 prope
457 763 542 820 nullis
572 763 712 838 portibus
742 761 892 819 difficultas
921 760 1083 835 navigandi.
1126 767 1173 820 13.

176 856 312 935 Namque
333 860 462 936 ipsorum
479 878 567 918 naves
587 860 625 918 ad
643 860 721 918 hunc
735 859 856 917 modum
877 857 969 916 sactae
989 868 1173 936 armataeque

175 966 271 1014 erant:
295 959 407 1016 carinae
425 959 571 1034 aliquanto
591 958 737 1033 planiores
755 973 842 1032 quam
863 964 1027 1014 nostrarum
1048 958 1174 1028 navium,

176 1071 235 1128 quo
250 1054 359 1114 facilius
370 1057 443 1114 vada
456 1075 490 1115 ac
502 1057 656 1115 decessum
670 1065 766 1112 aestus
781 1053 913 1129 excipere
925 1063 1057 1128 possent;
1070 1071 1173 1129 prorae

177 1151 335 1210 admodum
369 1163 480 1211 erectae
509 1163 595 1229 atque
624 1153 693 1209 item
727 1169 841 1227 puppes
875 1151 913 1208 ad
940 1149 1173 1225 magnitudinem

135 1263 165 1299 ¹0
177 1249 314 1308 fluctuum
329 1261 591 1328 tempestatumque
605 1250 862 1321 accommodatae;
884 1267 972 1308 naves
987 1259 1064 1306 totae
1079 1248 1174 1306 factae

177 1365 212 1404 ex
239 1350 343 1407 robore
367 1351 405 1408 ad
430 1351 561 1425 quamvis
586 1349 645 1406 vim
672 1358 700 1406 et
724 1347 929 1405 contumeliam
953 1346 1154 1426 perferendam
1165 1366 1173 1419 ;

175 1453 297 1502 transtra
311 1447 462 1521 pedalibus
473 1447 503 1503 in
514 1445 693 1504 altitudinem
704 1445 832 1502 trabibus
848 1444 964 1502 confixa
975 1443 1062 1501 clavis
1076 1442 1174 1501 ferreis

177 1542 257 1617 digiti
267 1543 379 1618 pollicis
394 1544 600 1615 crassitudine;
622 1561 745 1600 ancorae
756 1560 809 1618 pro
821 1541 937 1601 funibus
952 1542 1050 1600 ferreis
1065 1543 1174 1600 catenis

177 1641 336 1698 revinctae:
357 1641 447 1716 pelles
465 1659 519 1716 pro
538 1641 608 1699 velis
625 1640 776 1716 alutaeque
798 1641 921 1698 tenuiter
940 1640 1099 1711 confectae,
1114 1640 1174 1697 sive

137 1759 165 1808 15
179 1747 295 1813 propter
319 1737 369 1795 lini
394 1739 523 1814 inopiam
547 1748 633 1815 atque
659 1738 720 1795 eius
741 1756 809 1795 usus
830 1738 1023 1809 inscientiam,
1045 1740 1106 1798 sive
1126 1755 1172 1808 e0,
1216 1775 1218 1778 -

179 1835 258 1910 quod
274 1845 318 1894 est
338 1838 432 1912 magis
453 1837 614 1906 verisimile,
637 1835 717 1912 quod
737 1843 832 1894 tantas
853 1845 1040 1911 tempestates
1062 1835 1176 1894 Oceani

180 1944 331 2012 tantosque
345 1936 469 2013 impetus
490 1946 642 1994 ventorum
662 1935 795 1993 sustineri
809 1953 843 1992 ac
857 1944 937 1993 tanta
954 1953 1045 1993 onera
1058 1937 1177 1994 navium

177 2035 238 2109 regi
252 2035 321 2093 velis
337 2053 398 2092 non
414 2036 482 2094 satis
502 2035 658 2093 commode
672 2053 761 2110 posse
780 2034 996 2093 arbitrabantur.
1040 2033 1116 2093 Cum
1131 2035 1177 2094 his

178 2132 297 2190 navibus
324 2142 441 2192 nostrae
470 2132 552 2191 classi
580 2132 725 2190 eiusmodi
753 2149 930 2206 congressus
960 2141 1028 2202 erat,
1057 2142 1090 2191 ut
1116 2151 1179 2192 una

138 2247 167 2280 ²0
179 2229 320 2287 celeritate
334 2240 362 2288 et
375 2231 460 2306 pulsu
473 2249 619 2289 remorum
633 2238 798 2306 praestaret,
813 2229 922 2304 reliqua
935 2247 988 2304 pro
1002 2229 1059 2288 loci
1074 2239 1179 2288 natura

178 2345 231 2404 pro
253 2329 281 2385 vi
300 2337 504 2404 tempestatum
525 2329 579 2386 illis
601 2337 698 2385 essent
719 2327 831 2401 aptiora
851 2335 879 2384 et
900 2326 1178 2388 accommodatiora.

180 2423 284 2502 Neque
302 2426 381 2483 enim
397 2425 442 2484 his
464 2435 581 2484 nostrae
601 2435 694 2484 rostro
712 2441 817 2481 nocere
831 2433 963 2498 poterant
983 2422 1075 2502 (tanta
1093 2426 1178 2484 iniis

181 2532 241 2581 erat
254 2520 421 2600 firmitudo),
436 2541 530 2599 neque
544 2533 662 2598 propter
676 2521 854 2580 altitudinem
868 2521 951 2603 facile
965 2523 1055 2580 telum
1069 2523 1181 2582 adicie-

179 2623 319 2691 batur,.et
336 2621 438 2679 eadem
458 2621 495 2679 de
512 2639 599 2679 causa
620 2621 715 2678 minus
738 2619 894 2678 commode
914 2620 1025 2696 copulis
1045 2621 1181 2680 contine-

138 2735 167 2784 25
180 2721 291 2776 bantur.
332 2718 505 2789 Accedebat,
526 2729 566 2789 ut,
588 2735 656 2776 cum
676 2717 783 2776 saevire
802 2727 904 2776 ventus
925 2719 1070 2794 coepisset
1091 2728 1119 2776 et
1141 2736 1179 2777 se

181 2825 266 2874 vento
287 2815 442 2887 dedissent,
465 2826 493 2874 et
514 2824 716 2891 tempestatem
737 2815 843 2873 ferrent
863 2815 973 2874 facilius
994 2825 1022 2874 et
1042 2817 1073 2873 in
1093 2816 1181 2875 vadis

180 2915 370 2974 consisterent
385 2913 480 2986 tutius,
500 2923 529 2972 et
549 2915 586 2972 ab
608 2924 689 2971 aestu
709 2914 823 2974 relictae
844 2913 1005 2998 nihiltsaxa
1025 2923 1055 2972 et
1075 2924 1182 2975 cautes
1277 2977 1278 2981 ,

180 3014 331 3084 timerent;
353 3030 474 3088 quarum
490 3029 585 3070 rerum
599 3012 731 3069 omnium
749 3012 854 3070 nostris
871 3012 991 3070 navibus
1010 3030 1095 3071 casus
1114 3024 1184 3072 erat

181 3109 418 3168 extimescendas.
460 3115 507 3167 14
529 3109 732 3185 Compluribus
747 3109 916 3184 expugnatis
930 3110 1046 3185 oppidis
1057 3109 1183 3184 Caesar,

139 3209 231 3273 30u'oi
252 3208 390 3266 intellexit
411 3207 515 3266 frustra
538 3216 649 3264 tantum
669 3206 797 3264 laborem
820 3207 903 3278 sumi,
927 3225 1022 3282 neque
1046 3208 1185 3268 hostium
1276 3219 1277 3243 ³

182 3305 282 3380 fugam
300 3305 392 3380 captis
412 3305 528 3380 oppidis
548 3304 664 3380 reprimi
677 3323 772 3381 neque
793 3305 828 3362 iis
847 3305 946 3363 noceri
965 3323 1062 3382 posse,
1077 3309 1186 3368 statuit

185 3402 410 3480 exspectandam
431 3402 560 3462 classem.
602 3401 686 3472 Quae
706 3403 756 3460 ubi
777 3403 911 3460 convenit
932 3421 966 3461 ac
987 3405 1112 3480 primum
1138 3408 1187 3466 ab
1275 3471 1276 3474 Ἴ

185 3499 315 3559 hostibus
342 3499 402 3558 visa
426 3510 477 3571 est,
505 3500 613 3558 circiter
634 3516 710 3558 ccxx
733 3517 822 3558 naves
849 3517 950 3560 eorum
977 3501 1188 3578 paratissimae
