<?xml version="1.0" encoding="UTF-8"?>
<!DOCTYPE html PUBLIC "-//W3C//DTD XHTML 1.0 Transitional//EN"
    "http://www.w3.org/TR/xhtml1/DTD/xhtml1-transitional.dtd">
<html xmlns="http://www.w3.org/1999/xhtml" xml:lang="en" lang="en">
 <head>
  <title>
</title>
<meta http-equiv="Content-Type" content="text/html;charset=utf-8" />
  <meta name='ocr-system' content='tesseract 3.04.00' />
  <meta name='ocr-capabilities' content='ocr_page ocr_carea ocr_par ocr_line ocrx_word'/>
</head>
<body>
  <div class='ocr_page' id='page_1' title='image "./commentariescju01caesgoog_0184.png"; bbox 0 0 2634 3914; ppageno 0'>
   <div class='ocr_carea' id='block_1_1' title="bbox 135 273 1121 346">
    <p class='ocr_par' dir='ltr' id='par_1_1' title="bbox 135 273 1121 346">
     <span class='ocr_line' id='line_1_1' title="bbox 135 273 1121 346; baseline -0.003 -20"><span class='ocrx_word' id='word_1_1' title='bbox 135 279 274 346; x_wconf 82' lang='lat'><strong>21-25.</strong></span> <span class='ocrx_word' id='word_1_2' title='bbox 311 291 312 294; x_wconf 72' lang='grc'>’</span> <span class='ocrx_word' id='word_1_3' title='bbox 359 276 406 324; x_wconf 80' lang='lat' dir='ltr'>DE</span> <span class='ocrx_word' id='word_1_4' title='bbox 427 275 536 324; x_wconf 82' lang='lat' dir='ltr'><em>BELLO</em></span> <span class='ocrx_word' id='word_1_5' title='bbox 559 274 707 324; x_wconf 79' lang='lat' dir='ltr'><strong><em>GALLIGO</em></strong></span> <span class='ocrx_word' id='word_1_6' title='bbox 730 273 839 324; x_wconf 80' lang='lat' dir='ltr'>coMM.</span> <span class='ocrx_word' id='word_1_7' title='bbox 866 275 926 324; x_wconf 86' lang='lat' dir='ltr'><strong><em>VII.</em></strong></span> <span class='ocrx_word' id='word_1_8' title='bbox 1063 274 1121 343; x_wconf 84' lang='lat'>147</span> 
     </span>
    </p>
   </div>
   <div class='ocr_carea' id='block_1_2' title="bbox 66 425 1190 2657">
    <p class='ocr_par' dir='ltr' id='par_1_2' title="bbox 131 425 1190 1479">
     <span class='ocr_line' id='line_1_2' title="bbox 134 425 1123 502; baseline 0 -20"><span class='ocrx_word' id='word_1_9' title='bbox 134 434 194 483; x_wconf 90' lang='lat' dir='ltr'>arte</span> <span class='ocrx_word' id='word_1_10' title='bbox 209 427 417 484; x_wconf 81' lang='lat' dir='ltr'>contineantur.</span> <span class='ocrx_word' id='word_1_11' title='bbox 461 427 509 485; x_wconf 88' lang='lat' dir='ltr'>Sic</span> <span class='ocrx_word' id='word_1_12' title='bbox 523 426 661 502; x_wconf 86' lang='lat' dir='ltr'>deinceps</span> <span class='ocrx_word' id='word_1_13' title='bbox 675 443 763 484; x_wconf 89' lang='lat' dir='ltr'>omne</span> <span class='ocrx_word' id='word_1_14' title='bbox 778 443 852 502; x_wconf 93' lang='lat' dir='ltr'>opus</span> <span class='ocrx_word' id='word_1_15' title='bbox 867 425 1036 495; x_wconf 85' lang='lat' dir='ltr'>contexitur,</span> <span class='ocrx_word' id='word_1_16' title='bbox 1053 425 1123 483; x_wconf 89' lang='lat' dir='ltr'>dum</span> 
     </span>
     <span class='ocr_line' id='line_1_3' title="bbox 133 522 1123 600; baseline 0.001 -21"><span class='ocrx_word' id='word_1_17' title='bbox 133 523 209 580; x_wconf 86' lang='lat' dir='ltr'>iusta</span> <span class='ocrx_word' id='word_1_18' title='bbox 227 523 301 581; x_wconf 88' lang='lat' dir='ltr'>muri</span> <span class='ocrx_word' id='word_1_19' title='bbox 321 523 441 582; x_wconf 85' lang='lat' dir='ltr'>altitudo</span> <span class='ocrx_word' id='word_1_20' title='bbox 461 524 615 600; x_wconf 84' lang='lat' dir='ltr'>expleatur.</span> <span class='ocrx_word' id='word_1_21' title='bbox 659 522 728 581; x_wconf 90' lang='lat' dir='ltr'>Hoc</span> <span class='ocrx_word' id='word_1_22' title='bbox 750 542 818 582; x_wconf 90' lang='lat' dir='ltr'>cum</span> <span class='ocrx_word' id='word_1_23' title='bbox 838 524 868 580; x_wconf 92' lang='lat' dir='ltr'>in</span> <span class='ocrx_word' id='word_1_24' title='bbox 890 523 1016 598; x_wconf 91' lang='lat' dir='ltr'>speciem</span> <span class='ocrx_word' id='word_1_25' title='bbox 1034 523 1123 580; x_wconf 86' lang='lat' dir='ltr'>varie·</span> 
     </span>
     <span class='ocr_line' id='line_1_4' title="bbox 133 619 1190 698; baseline 0.002 -22"><span class='ocrx_word' id='word_1_26' title='bbox 133 629 282 697; x_wconf 76' lang='lat' dir='ltr'>ratemque</span> <span class='ocrx_word' id='word_1_27' title='bbox 303 639 380 698; x_wconf 92' lang='lat' dir='ltr'>opus</span> <span class='ocrx_word' id='word_1_28' title='bbox 402 621 530 680; x_wconf 85' lang='lat' dir='ltr'>deforme</span> <span class='ocrx_word' id='word_1_29' title='bbox 551 639 613 678; x_wconf 91' lang='lat' dir='ltr'>non</span> <span class='ocrx_word' id='word_1_30' title='bbox 634 631 677 678; x_wconf 90' lang='lat' dir='ltr'>est</span> <span class='ocrx_word' id='word_1_31' title='bbox 698 621 813 678; x_wconf 90' lang='lat' dir='ltr'>alternis</span> <span class='ocrx_word' id='word_1_32' title='bbox 834 621 964 678; x_wconf 82' lang='lat' dir='ltr'>trabibus</span> <span class='ocrx_word' id='word_1_33' title='bbox 985 638 1019 679; x_wconf 90' lang='lat' dir='ltr'>ac</span> <span class='ocrx_word' id='word_1_34' title='bbox 1037 621 1122 689; x_wconf 80' lang='lat' dir='ltr'>saxia,</span> <span class='ocrx_word' id='word_1_35' title='bbox 1187 619 1190 625; x_wconf 89' lang='grc'><strong>’</strong></span> 
     </span>
     <span class='ocr_line' id='line_1_5' title="bbox 134 717 1124 792; baseline 0.001 -18"><span class='ocrx_word' id='word_1_36' title='bbox 134 735 210 792; x_wconf 91' lang='lat' dir='ltr'>quae</span> <span class='ocrx_word' id='word_1_37' title='bbox 227 719 312 777; x_wconf 90' lang='lat' dir='ltr'>rectis</span> <span class='ocrx_word' id='word_1_38' title='bbox 331 719 414 777; x_wconf 91' lang='lat' dir='ltr'>lineis</span> <span class='ocrx_word' id='word_1_39' title='bbox 433 737 503 778; x_wconf 94' lang='lat' dir='ltr'>suos</span> <span class='ocrx_word' id='word_1_40' title='bbox 523 718 640 777; x_wconf 86' lang='lat' dir='ltr'>ordines</span> <span class='ocrx_word' id='word_1_41' title='bbox 658 727 779 789; x_wconf 87' lang='lat' dir='ltr'>servant,</span> <span class='ocrx_word' id='word_1_42' title='bbox 799 729 861 777; x_wconf 90' lang='lat' dir='ltr'>tum</span> <span class='ocrx_word' id='word_1_43' title='bbox 878 718 916 776; x_wconf 95' lang='lat' dir='ltr'>ad</span> <span class='ocrx_word' id='word_1_44' title='bbox 930 717 1078 776; x_wconf 87' lang='lat' dir='ltr'>utilitatem</span> <span class='ocrx_word' id='word_1_45' title='bbox 1095 726 1124 775; x_wconf 92' lang='lat' dir='ltr'>et</span> 
     </span>
     <span class='ocr_line' id='line_1_6' title="bbox 135 815 1150 892; baseline 0.005 -19"><span class='ocrx_word' id='word_1_46' title='bbox 135 815 338 874; x_wconf 86' lang='lat' dir='ltr'>defensionem</span> <span class='ocrx_word' id='word_1_47' title='bbox 358 817 473 875; x_wconf 92' lang='lat' dir='ltr'>urbium</span> <span class='ocrx_word' id='word_1_48' title='bbox 494 835 638 874; x_wconf 90' lang='lat' dir='ltr'>summam</span> <span class='ocrx_word' id='word_1_49' title='bbox 658 817 745 874; x_wconf 90' lang='lat' dir='ltr'>habet</span> <span class='ocrx_word' id='word_1_50' title='bbox 765 816 1019 892; x_wconf 88' lang='lat' dir='ltr'>opportunitatem,</span> <span class='ocrx_word' id='word_1_51' title='bbox 1044 815 1150 892; x_wconf 78' lang='lat' dir='ltr'>quods</span> 
     </span>
     <span class='ocr_line' id='line_1_7' title="bbox 133 913 1123 990; baseline 0.002 -19"><span class='ocrx_word' id='word_1_52' title='bbox 133 922 162 971; x_wconf 90' lang='lat' dir='ltr'>et</span> <span class='ocrx_word' id='word_1_53' title='bbox 181 915 218 972; x_wconf 90' lang='lat' dir='ltr'>ab</span> <span class='ocrx_word' id='word_1_54' title='bbox 237 913 374 972; x_wconf 90' lang='lat' dir='ltr'>incendio</span> <span class='ocrx_word' id='word_1_55' title='bbox 388 914 462 990; x_wconf 90' lang='lat' dir='ltr'>lapis</span> <span class='ocrx_word' id='word_1_56' title='bbox 482 925 510 973; x_wconf 93' lang='lat' dir='ltr'>et</span> <span class='ocrx_word' id='word_1_57' title='bbox 524 915 561 972; x_wconf 92' lang='lat' dir='ltr'>ab</span> <span class='ocrx_word' id='word_1_58' title='bbox 575 915 661 973; x_wconf 89' lang='lat' dir='ltr'>ariete</span> <span class='ocrx_word' id='word_1_59' title='bbox 678 916 797 973; x_wconf 88' lang='lat' dir='ltr'>materia</span> <span class='ocrx_word' id='word_1_60' title='bbox 817 914 953 985; x_wconf 86' lang='lat' dir='ltr'>defendit,</span> <span class='ocrx_word' id='word_1_61' title='bbox 971 933 1045 990; x_wconf 90' lang='lat' dir='ltr'>quae</span> <span class='ocrx_word' id='word_1_62' title='bbox 1059 932 1123 990; x_wconf 89' lang='lat' dir='ltr'>per-</span> 
     </span>
     <span class='ocr_line' id='line_1_8' title="bbox 132 1001 1124 1089; baseline 0.001 -20"><span class='ocrx_word' id='word_1_63' title='bbox 132 1011 227 1087; x_wconf 92' lang='lat' dir='ltr'>petuis</span> <span class='ocrx_word' id='word_1_64' title='bbox 259 1012 388 1070; x_wconf 82' lang='lat' dir='ltr'>trabibus</span> <span class='ocrx_word' id='word_1_65' title='bbox 422 1011 512 1088; x_wconf 92' lang='lat' dir='ltr'>pedes</span> <span class='ocrx_word' id='word_1_66' title='bbox 544 1001 747 1089; x_wconf 86' lang='lat' dir='ltr'>quadragenos</span> <span class='ocrx_word' id='word_1_67' title='bbox 782 1013 950 1088; x_wconf 88' lang='lat' dir='ltr'>plerumque</span> <span class='ocrx_word' id='word_1_68' title='bbox 984 1013 1124 1070; x_wconf 89' lang='lat' dir='ltr'>introrsus</span> 
     </span>
     <span class='ocr_line' id='line_1_9' title="bbox 131 1109 1124 1186; baseline 0 -20"><span class='ocrx_word' id='word_1_69' title='bbox 131 1109 259 1167; x_wconf 89' lang='lat' dir='ltr'>revincta</span> <span class='ocrx_word' id='word_1_70' title='bbox 284 1127 379 1184; x_wconf 92' lang='lat' dir='ltr'>neque</span> <span class='ocrx_word' id='word_1_71' title='bbox 405 1109 553 1186; x_wconf 91' lang='lat' dir='ltr'>perrumpi</span> <span class='ocrx_word' id='word_1_72' title='bbox 580 1128 675 1186; x_wconf 92' lang='lat' dir='ltr'>neque</span> <span class='ocrx_word' id='word_1_73' title='bbox 704 1111 820 1170; x_wconf 87' lang='lat' dir='ltr'>distrahi</span> <span class='ocrx_word' id='word_1_74' title='bbox 847 1119 950 1186; x_wconf 91' lang='lat' dir='ltr'>potest.</span> <span class='ocrx_word' id='word_1_75' title='bbox 994 1115 1045 1168; x_wconf 66' lang='lat'>24</span> <span class='ocrx_word' id='word_1_76' title='bbox 1058 1109 1124 1167; x_wconf 86' lang='lat' dir='ltr'>His</span> 
     </span>
     <span class='ocr_line' id='line_1_10' title="bbox 131 1207 1123 1284; baseline 0.002 -20"><span class='ocrx_word' id='word_1_77' title='bbox 131 1215 176 1265; x_wconf 92' lang='lat' dir='ltr'>tot</span> <span class='ocrx_word' id='word_1_78' title='bbox 195 1208 281 1264; x_wconf 91' lang='lat' dir='ltr'>rebus</span> <span class='ocrx_word' id='word_1_79' title='bbox 302 1207 441 1282; x_wconf 88' lang='lat' dir='ltr'>impedita</span> <span class='ocrx_word' id='word_1_80' title='bbox 459 1208 678 1284; x_wconf 87' lang='lat' dir='ltr'>oppugnatione</span> <span class='ocrx_word' id='word_1_81' title='bbox 699 1209 810 1280; x_wconf 88' lang='lat' dir='ltr'>milites,</span> <span class='ocrx_word' id='word_1_82' title='bbox 829 1225 897 1266; x_wconf 92' lang='lat' dir='ltr'>cum</span> <span class='ocrx_word' id='word_1_83' title='bbox 912 1216 974 1266; x_wconf 93' lang='lat' dir='ltr'>toto</span> <span class='ocrx_word' id='word_1_84' title='bbox 993 1217 1123 1284; x_wconf 90' lang='lat' dir='ltr'>tempore</span> 
     </span>
     <span class='ocr_line' id='line_1_11' title="bbox 131 1304 1168 1379; baseline 0.002 -18"><span class='ocrx_word' id='word_1_85' title='bbox 131 1304 239 1379; x_wconf 85' lang='lat' dir='ltr'>frigore</span> <span class='ocrx_word' id='word_1_86' title='bbox 263 1314 292 1362; x_wconf 93' lang='lat' dir='ltr'>et</span> <span class='ocrx_word' id='word_1_87' title='bbox 316 1305 438 1364; x_wconf 88' lang='lat' dir='ltr'>assiduis</span> <span class='ocrx_word' id='word_1_88' title='bbox 463 1305 603 1364; x_wconf 90' lang='lat' dir='ltr'>imbribus</span> <span class='ocrx_word' id='word_1_89' title='bbox 630 1307 817 1378; x_wconf 88' lang='lat' dir='ltr'>tardarentur,</span> <span class='ocrx_word' id='word_1_90' title='bbox 841 1315 939 1365; x_wconf 91' lang='lat' dir='ltr'>tamen</span> <span class='ocrx_word' id='word_1_91' title='bbox 963 1306 1122 1365; x_wconf 88' lang='lat' dir='ltr'>continenti</span> <span class='ocrx_word' id='word_1_92' title='bbox 1137 1329 1168 1363; x_wconf 88' lang='lat'>10</span> 
     </span>
     <span class='ocr_line' id='line_1_12' title="bbox 131 1402 1121 1479; baseline 0.001 -19"><span class='ocrx_word' id='word_1_93' title='bbox 131 1403 231 1460; x_wconf 89' lang='lat' dir='ltr'>labore</span> <span class='ocrx_word' id='word_1_94' title='bbox 259 1402 358 1460; x_wconf 90' lang='lat' dir='ltr'>omnia</span> <span class='ocrx_word' id='word_1_95' title='bbox 385 1402 457 1462; x_wconf 91' lang='lat' dir='ltr'>haec</span> <span class='ocrx_word' id='word_1_96' title='bbox 482 1414 688 1479; x_wconf 87' lang='lat' dir='ltr'>superaverunt</span> <span class='ocrx_word' id='word_1_97' title='bbox 713 1414 742 1463; x_wconf 93' lang='lat' dir='ltr'>et</span> <span class='ocrx_word' id='word_1_98' title='bbox 766 1405 868 1464; x_wconf 90' lang='lat' dir='ltr'>diebus</span> <span class='ocrx_word' id='word_1_99' title='bbox 895 1421 959 1462; x_wconf 83' lang='lat' dir='ltr'>xxv</span> <span class='ocrx_word' id='word_1_100' title='bbox 985 1422 1121 1479; x_wconf 86' lang='lat' dir='ltr'>aggerem</span> 
     </span>
    </p>

    <p class='ocr_par' dir='ltr' id='par_1_3' title="bbox 66 1499 1122 1576">
     <span class='ocr_line' id='line_1_13' title="bbox 66 1499 1122 1576; baseline -0.002 -16"><span class='ocrx_word' id='word_1_101' title='bbox 66 1565 69 1576; x_wconf 55' lang='grc'><strong>,</strong></span> <span class='ocrx_word' id='word_1_102' title='bbox 130 1503 222 1560; x_wconf 90' lang='lat' dir='ltr'>latum</span> <span class='ocrx_word' id='word_1_103' title='bbox 242 1499 333 1574; x_wconf 91' lang='lat' dir='ltr'>pedes</span> <span class='ocrx_word' id='word_1_104' title='bbox 352 1516 473 1572; x_wconf 83' lang='lat' dir='ltr'>cccxxx,</span> <span class='ocrx_word' id='word_1_105' title='bbox 492 1501 582 1558; x_wconf 92' lang='lat' dir='ltr'>altum</span> <span class='ocrx_word' id='word_1_106' title='bbox 595 1501 685 1575; x_wconf 91' lang='lat' dir='ltr'>pedes</span> <span class='ocrx_word' id='word_1_107' title='bbox 704 1518 781 1560; x_wconf 82' lang='lat' dir='ltr'>uxxx</span> <span class='ocrx_word' id='word_1_108' title='bbox 796 1510 1003 1561; x_wconf 85' lang='lat' dir='ltr'>exstruxerunt.</span> <span class='ocrx_word' id='word_1_109' title='bbox 1046 1499 1122 1559; x_wconf 93' lang='lat' dir='ltr'>Cum</span> 
     </span>
    </p>

    <p class='ocr_par' dir='ltr' id='par_1_4' title="bbox 88 1597 1165 2657">
     <span class='ocr_line' id='line_1_14' title="bbox 130 1597 1122 1675; baseline -0.002 -17"><span class='ocrx_word' id='word_1_110' title='bbox 130 1601 156 1658; x_wconf 91' lang='lat' dir='ltr'>is</span> <span class='ocrx_word' id='word_1_111' title='bbox 181 1615 297 1655; x_wconf 93' lang='lat' dir='ltr'>murum</span> <span class='ocrx_word' id='word_1_112' title='bbox 322 1597 449 1656; x_wconf 90' lang='lat' dir='ltr'>hostium</span> <span class='ocrx_word' id='word_1_113' title='bbox 473 1617 567 1674; x_wconf 89' lang='lat' dir='ltr'>paene</span> <span class='ocrx_word' id='word_1_114' title='bbox 593 1600 781 1675; x_wconf 89' lang='lat' dir='ltr'>contingeret,</span> <span class='ocrx_word' id='word_1_115' title='bbox 804 1610 833 1658; x_wconf 91' lang='lat' dir='ltr'>et</span> <span class='ocrx_word' id='word_1_116' title='bbox 857 1599 965 1659; x_wconf 90' lang='lat' dir='ltr'>Caesar</span> <span class='ocrx_word' id='word_1_117' title='bbox 989 1599 1026 1658; x_wconf 86' lang='lat' dir='ltr'>ad</span> <span class='ocrx_word' id='word_1_118' title='bbox 1046 1616 1122 1674; x_wconf 91' lang='lat' dir='ltr'>opus</span> 
     </span>
     <span class='ocr_line' id='line_1_15' title="bbox 131 1696 1122 1775; baseline -0.003 -17"><span class='ocrx_word' id='word_1_119' title='bbox 131 1696 344 1758; x_wconf 89' lang='lat' dir='ltr'>consuetudine</span> <span class='ocrx_word' id='word_1_120' title='bbox 383 1698 538 1756; x_wconf 83' lang='lat' dir='ltr'>excubaret</span> <span class='ocrx_word' id='word_1_121' title='bbox 575 1699 736 1775; x_wconf 90' lang='lat' dir='ltr'>militesque</span> <span class='ocrx_word' id='word_1_122' title='bbox 769 1699 936 1769; x_wconf 89' lang='lat' dir='ltr'>hortaretur,</span> <span class='ocrx_word' id='word_1_123' title='bbox 971 1716 1008 1756; x_wconf 92' lang='lat' dir='ltr'>ne</span> <span class='ocrx_word' id='word_1_124' title='bbox 1042 1697 1122 1773; x_wconf 92' lang='lat' dir='ltr'>quod</span> 
     </span>
     <span class='ocr_line' id='line_1_16' title="bbox 131 1796 1165 1873; baseline -0.005 -17"><span class='ocrx_word' id='word_1_125' title='bbox 131 1797 255 1856; x_wconf 90' lang='lat' dir='ltr'>omnino</span> <span class='ocrx_word' id='word_1_126' title='bbox 274 1803 390 1871; x_wconf 93' lang='lat' dir='ltr'>tempus</span> <span class='ocrx_word' id='word_1_127' title='bbox 415 1796 452 1854; x_wconf 93' lang='lat' dir='ltr'>ab</span> <span class='ocrx_word' id='word_1_128' title='bbox 466 1813 556 1873; x_wconf 90' lang='lat' dir='ltr'>opere</span> <span class='ocrx_word' id='word_1_129' title='bbox 570 1797 809 1868; x_wconf 90' lang='lat' dir='ltr'>intermitteretur,</span> <span class='ocrx_word' id='word_1_130' title='bbox 824 1797 911 1873; x_wconf 89' lang='lat' dir='ltr'>paulo</span> <span class='ocrx_word' id='word_1_131' title='bbox 932 1807 998 1855; x_wconf 89' lang='lat' dir='ltr'>ante</span> <span class='ocrx_word' id='word_1_132' title='bbox 1009 1797 1121 1854; x_wconf 87' lang='lat' dir='ltr'>tertiam</span> <span class='ocrx_word' id='word_1_133' title='bbox 1137 1816 1165 1864; x_wconf 82' lang='lat'>1⁵</span> 
     </span>
     <span class='ocr_line' id='line_1_17' title="bbox 129 1893 1121 1972; baseline 0.001 -20"><span class='ocrx_word' id='word_1_134' title='bbox 129 1895 257 1972; x_wconf 89' lang='lat' dir='ltr'>vigiliam</span> <span class='ocrx_word' id='word_1_135' title='bbox 277 1902 320 1952; x_wconf 93' lang='lat' dir='ltr'>est</span> <span class='ocrx_word' id='word_1_136' title='bbox 339 1893 570 1953; x_wconf 89' lang='lat' dir='ltr'>animadversum</span> <span class='ocrx_word' id='word_1_137' title='bbox 588 1895 698 1954; x_wconf 87' lang='lat' dir='ltr'>fumare</span> <span class='ocrx_word' id='word_1_138' title='bbox 717 1913 862 1971; x_wconf 89' lang='lat' dir='ltr'>aggerem,</span> <span class='ocrx_word' id='word_1_139' title='bbox 879 1913 967 1971; x_wconf 91' lang='lat' dir='ltr'>quem</span> <span class='ocrx_word' id='word_1_140' title='bbox 988 1894 1121 1954; x_wconf 91' lang='lat' dir='ltr'>cuniculo</span> 
     </span>
     <span class='ocr_line' id='line_1_18' title="bbox 129 1992 1121 2071; baseline -0.001 -20"><span class='ocrx_word' id='word_1_141' title='bbox 129 1994 230 2054; x_wconf 92' lang='lat' dir='ltr'>hostes</span> <span class='ocrx_word' id='word_1_142' title='bbox 251 1992 469 2064; x_wconf 90' lang='lat' dir='ltr'>succenderant,</span> <span class='ocrx_word' id='word_1_143' title='bbox 490 1994 652 2071; x_wconf 90' lang='lat' dir='ltr'>eodemque</span> <span class='ocrx_word' id='word_1_144' title='bbox 670 2003 802 2070; x_wconf 90' lang='lat' dir='ltr'>tempore</span> <span class='ocrx_word' id='word_1_145' title='bbox 816 2003 879 2053; x_wconf 92' lang='lat' dir='ltr'>toto</span> <span class='ocrx_word' id='word_1_146' title='bbox 896 2011 980 2052; x_wconf 91' lang='lat' dir='ltr'>muro</span> <span class='ocrx_word' id='word_1_147' title='bbox 995 1993 1121 2051; x_wconf 90' lang='lat' dir='ltr'>clamore</span> 
     </span>
     <span class='ocr_line' id='line_1_19' title="bbox 130 2091 1121 2167; baseline -0.002 -17"><span class='ocrx_word' id='word_1_148' title='bbox 130 2093 247 2151; x_wconf 89' lang='lat' dir='ltr'>sublato</span> <span class='ocrx_word' id='word_1_149' title='bbox 275 2092 387 2150; x_wconf 91' lang='lat' dir='ltr'>duabus</span> <span class='ocrx_word' id='word_1_150' title='bbox 414 2091 505 2167; x_wconf 90' lang='lat' dir='ltr'>portis</span> <span class='ocrx_word' id='word_1_151' title='bbox 533 2093 570 2152; x_wconf 88' lang='lat' dir='ltr'>ab</span> <span class='ocrx_word' id='word_1_152' title='bbox 597 2101 720 2167; x_wconf 91' lang='lat' dir='ltr'>utroque</span> <span class='ocrx_word' id='word_1_153' title='bbox 748 2092 835 2150; x_wconf 90' lang='lat' dir='ltr'>latere</span> <span class='ocrx_word' id='word_1_154' title='bbox 863 2091 982 2150; x_wconf 89' lang='lat' dir='ltr'>turrium</span> <span class='ocrx_word' id='word_1_155' title='bbox 1010 2091 1121 2166; x_wconf 87' lang='lat' dir='ltr'>eruptio</span> 
     </span>
     <span class='ocr_line' id='line_1_20' title="bbox 128 2188 1128 2266; baseline -0.003 -18"><span class='ocrx_word' id='word_1_156' title='bbox 128 2190 234 2248; x_wconf 90' lang='lat' dir='ltr'>fiebat:</span> <span class='ocrx_word' id='word_1_157' title='bbox 256 2190 303 2248; x_wconf 89' lang='lat' dir='ltr'>alii</span> <span class='ocrx_word' id='word_1_158' title='bbox 317 2189 395 2248; x_wconf 85' lang='lat' dir='ltr'>faces</span> <span class='ocrx_word' id='word_1_159' title='bbox 410 2197 496 2266; x_wconf 91' lang='lat' dir='ltr'>atque</span> <span class='ocrx_word' id='word_1_160' title='bbox 511 2189 620 2248; x_wconf 86' lang='lat' dir='ltr'>aridam</span> <span class='ocrx_word' id='word_1_161' title='bbox 630 2190 779 2248; x_wconf 90' lang='lat' dir='ltr'>materiem</span> <span class='ocrx_word' id='word_1_162' title='bbox 793 2190 829 2248; x_wconf 89' lang='lat' dir='ltr'>de</span> <span class='ocrx_word' id='word_1_163' title='bbox 843 2207 926 2248; x_wconf 89' lang='lat' dir='ltr'>muro</span> <span class='ocrx_word' id='word_1_164' title='bbox 941 2188 971 2246; x_wconf 92' lang='lat' dir='ltr'>in</span> <span class='ocrx_word' id='word_1_165' title='bbox 985 2205 1128 2264; x_wconf 88' lang='lat' dir='ltr'>aggerem.</span> 
     </span>
     <span class='ocr_line' id='line_1_21' title="bbox 128 2272 1165 2364; baseline -0.001 -19"><span class='ocrx_word' id='word_1_166' title='bbox 128 2288 245 2346; x_wconf 91' lang='lat' dir='ltr'>eminus</span> <span class='ocrx_word' id='word_1_167' title='bbox 258 2287 409 2357; x_wconf 90' lang='lat' dir='ltr'>iaciebant,</span> <span class='ocrx_word' id='word_1_168' title='bbox 423 2287 520 2363; x_wconf 90' lang='lat' dir='ltr'>picem</span> <span class='ocrx_word' id='word_1_169' title='bbox 534 2272 716 2364; x_wconf 86' lang='lat' dir='ltr'>reliquasque</span> <span class='ocrx_word' id='word_1_170' title='bbox 726 2305 781 2359; x_wconf 91' lang='lat' dir='ltr'>res,</span> <span class='ocrx_word' id='word_1_171' title='bbox 796 2286 901 2362; x_wconf 90' lang='lat' dir='ltr'>quibus</span> <span class='ocrx_word' id='word_1_172' title='bbox 912 2286 989 2362; x_wconf 87' lang='lat' dir='ltr'>ignis</span> <span class='ocrx_word' id='word_1_173' title='bbox 1004 2286 1120 2344; x_wconf 85' lang='lat' dir='ltr'>excitari</span> <span class='ocrx_word' id='word_1_174' title='bbox 1135 2309 1165 2344; x_wconf 82' lang='lat' dir='ltr'>ro</span> 
     </span>
     <span class='ocr_line' id='line_1_22' title="bbox 88 2379 1121 2462; baseline 0 -20"><span class='ocrx_word' id='word_1_175' title='bbox 88 2379 92 2388; x_wconf 86' lang='lat'><em>&#39;</em></span> <span class='ocrx_word' id='word_1_176' title='bbox 127 2395 235 2462; x_wconf 90' lang='lat' dir='ltr'>potest,</span> <span class='ocrx_word' id='word_1_177' title='bbox 264 2384 431 2456; x_wconf 91' lang='lat' dir='ltr'>fundebant,</span> <span class='ocrx_word' id='word_1_178' title='bbox 456 2394 496 2456; x_wconf 92' lang='lat' dir='ltr'>ut,</span> <span class='ocrx_word' id='word_1_179' title='bbox 521 2403 580 2461; x_wconf 92' lang='lat' dir='ltr'>quo</span> <span class='ocrx_word' id='word_1_180' title='bbox 604 2386 730 2462; x_wconf 91' lang='lat' dir='ltr'>primum</span> <span class='ocrx_word' id='word_1_181' title='bbox 754 2394 912 2444; x_wconf 89' lang='lat' dir='ltr'>curreretur</span> <span class='ocrx_word' id='word_1_182' title='bbox 936 2393 985 2442; x_wconf 91' lang='lat' dir='ltr'>aut</span> <span class='ocrx_word' id='word_1_183' title='bbox 1009 2383 1056 2442; x_wconf 92' lang='lat' dir='ltr'>cui</span> <span class='ocrx_word' id='word_1_184' title='bbox 1079 2383 1121 2442; x_wconf 94' lang='lat' dir='ltr'>rei</span> 
     </span>
     <span class='ocr_line' id='line_1_23' title="bbox 127 2475 1120 2560; baseline -0.002 -18"><span class='ocrx_word' id='word_1_185' title='bbox 127 2484 250 2543; x_wconf 91' lang='lat' dir='ltr'>ferretur</span> <span class='ocrx_word' id='word_1_186' title='bbox 282 2483 427 2554; x_wconf 87' lang='lat' dir='ltr'>auxilium,</span> <span class='ocrx_word' id='word_1_187' title='bbox 456 2483 504 2540; x_wconf 84' lang='lat' dir='ltr'>vix</span> <span class='ocrx_word' id='word_1_188' title='bbox 531 2484 605 2542; x_wconf 88' lang='lat' dir='ltr'>ratio</span> <span class='ocrx_word' id='word_1_189' title='bbox 637 2475 702 2542; x_wconf 86' lang='lat' dir='ltr'>iniri</span> <span class='ocrx_word' id='word_1_190' title='bbox 734 2493 842 2560; x_wconf 90' lang='lat' dir='ltr'>posset.</span> <span class='ocrx_word' id='word_1_191' title='bbox 883 2482 1007 2553; x_wconf 90' lang='lat' dir='ltr'>Tamen,</span> <span class='ocrx_word' id='word_1_192' title='bbox 1040 2482 1120 2559; x_wconf 91' lang='lat' dir='ltr'>quod</span> 
     </span>
     <span class='ocr_line' id='line_1_24' title="bbox 127 2579 1119 2657; baseline -0.003 -17"><span class='ocrx_word' id='word_1_193' title='bbox 127 2583 259 2640; x_wconf 91' lang='lat' dir='ltr'>instituto</span> <span class='ocrx_word' id='word_1_194' title='bbox 277 2579 409 2640; x_wconf 89' lang='lat' dir='ltr'>Caesaris</span> <span class='ocrx_word' id='word_1_195' title='bbox 431 2599 545 2657; x_wconf 90' lang='lat' dir='ltr'>semper</span> <span class='ocrx_word' id='word_1_196' title='bbox 564 2581 638 2640; x_wconf 88' lang='lat' dir='ltr'>duae</span> <span class='ocrx_word' id='word_1_197' title='bbox 651 2581 781 2657; x_wconf 88' lang='lat' dir='ltr'>legiones</span> <span class='ocrx_word' id='word_1_198' title='bbox 802 2598 855 2657; x_wconf 89' lang='lat' dir='ltr'>pro</span> <span class='ocrx_word' id='word_1_199' title='bbox 875 2581 974 2639; x_wconf 90' lang='lat' dir='ltr'>castris</span> <span class='ocrx_word' id='word_1_200' title='bbox 995 2581 1119 2639; x_wconf 83' lang='lat' dir='ltr'>excuba-</span> 
     </span>
    </p>
   </div>
   <div class='ocr_carea' id='block_1_3' title="bbox 20 2677 1120 2755">
    <p class='ocr_par' dir='ltr' id='par_1_5' title="bbox 20 2677 1120 2755">
     <span class='ocr_line' id='line_1_25' title="bbox 20 2677 1120 2755; baseline -0.002 -17"><span class='ocrx_word' id='word_1_201' title='bbox 20 2711 27 2722; x_wconf 88' lang='lat'>.</span> <span class='ocrx_word' id='word_1_202' title='bbox 127 2680 201 2738; x_wconf 88' lang='lat' dir='ltr'>bant</span> <span class='ocrx_word' id='word_1_203' title='bbox 219 2679 373 2755; x_wconf 89' lang='lat' dir='ltr'>pluresque</span> <span class='ocrx_word' id='word_1_204' title='bbox 394 2678 504 2753; x_wconf 84' lang='lat' dir='ltr'>partitis</span> <span class='ocrx_word' id='word_1_205' title='bbox 522 2677 700 2754; x_wconf 89' lang='lat' dir='ltr'>temporibus</span> <span class='ocrx_word' id='word_1_206' title='bbox 721 2688 803 2737; x_wconf 90' lang='lat' dir='ltr'>erant</span> <span class='ocrx_word' id='word_1_207' title='bbox 823 2678 853 2736; x_wconf 89' lang='lat' dir='ltr'>in</span> <span class='ocrx_word' id='word_1_208' title='bbox 874 2696 972 2754; x_wconf 91' lang='lat' dir='ltr'>opere,</span> <span class='ocrx_word' id='word_1_209' title='bbox 994 2679 1120 2737; x_wconf 91' lang='lat' dir='ltr'>celeriter</span> 
     </span>
    </p>
   </div>
   <div class='ocr_carea' id='block_1_4' title="bbox 124 2775 1162 3714">
    <p class='ocr_par' dir='ltr' id='par_1_6' title="bbox 124 2775 1162 3714">
     <span class='ocr_line' id='line_1_26' title="bbox 127 2775 1162 2852; baseline -0.003 -18"><span class='ocrx_word' id='word_1_210' title='bbox 127 2776 239 2836; x_wconf 89' lang='lat' dir='ltr'>factum</span> <span class='ocrx_word' id='word_1_211' title='bbox 253 2786 305 2847; x_wconf 93' lang='lat' dir='ltr'>est,</span> <span class='ocrx_word' id='word_1_212' title='bbox 319 2784 352 2848; x_wconf 85' lang='lat' dir='ltr'>ut</span> <span class='ocrx_word' id='word_1_213' title='bbox 366 2775 412 2834; x_wconf 85' lang='lat' dir='ltr'>alii</span> <span class='ocrx_word' id='word_1_214' title='bbox 427 2776 625 2852; x_wconf 89' lang='lat' dir='ltr'>eruptionibus</span> <span class='ocrx_word' id='word_1_215' title='bbox 644 2775 817 2847; x_wconf 89' lang='lat' dir='ltr'>resisterent,</span> <span class='ocrx_word' id='word_1_216' title='bbox 831 2775 878 2833; x_wconf 91' lang='lat' dir='ltr'>alii</span> <span class='ocrx_word' id='word_1_217' title='bbox 892 2785 984 2834; x_wconf 87' lang='lat' dir='ltr'>turres</span> <span class='ocrx_word' id='word_1_218' title='bbox 1002 2775 1119 2834; x_wconf 91' lang='lat' dir='ltr'>reduce·</span> <span class='ocrx_word' id='word_1_219' title='bbox 1133 2795 1162 2844; x_wconf 72' lang='lat'>²5</span> 
     </span>
     <span class='ocr_line' id='line_1_27' title="bbox 126 2873 1119 2954; baseline -0.001 -21"><span class='ocrx_word' id='word_1_220' title='bbox 126 2885 193 2934; x_wconf 89' lang='lat' dir='ltr'>rent</span> <span class='ocrx_word' id='word_1_221' title='bbox 225 2891 422 2951; x_wconf 89' lang='lat' dir='ltr'>aggeremque</span> <span class='ocrx_word' id='word_1_222' title='bbox 454 2873 700 2944; x_wconf 89' lang='lat' dir='ltr'>interscinderent,</span> <span class='ocrx_word' id='word_1_223' title='bbox 729 2873 825 2954; x_wconf 85' lang='lat' dir='ltr'>omnis</span> <span class='ocrx_word' id='word_1_224' title='bbox 854 2891 922 2932; x_wconf 89' lang='lat' dir='ltr'>vero</span> <span class='ocrx_word' id='word_1_225' title='bbox 951 2891 988 2932; x_wconf 89' lang='lat' dir='ltr'>ex</span> <span class='ocrx_word' id='word_1_226' title='bbox 1020 2874 1119 2932; x_wconf 88' lang='lat' dir='ltr'>castris</span> 
     </span>
     <span class='ocr_line' id='line_1_28' title="bbox 126 2969 1118 3048; baseline -0.004 -16"><span class='ocrx_word' id='word_1_227' title='bbox 126 2974 284 3032; x_wconf 87' lang='lat' dir='ltr'>multitudo</span> <span class='ocrx_word' id='word_1_228' title='bbox 323 2972 361 3031; x_wconf 87' lang='lat' dir='ltr'>ad</span> <span class='ocrx_word' id='word_1_229' title='bbox 401 2971 638 3048; x_wconf 89' lang='lat' dir='ltr'>restinguendum</span> <span class='ocrx_word' id='word_1_230' title='bbox 672 2980 862 3031; x_wconf 89' lang='lat' dir='ltr'>concurreret.</span> <span class='ocrx_word' id='word_1_231' title='bbox 905 2977 956 3030; x_wconf 72' lang='lat'>25,</span> <span class='ocrx_word' id='word_1_232' title='bbox 978 2969 1055 3029; x_wconf 88' lang='lat' dir='ltr'>Cum</span> <span class='ocrx_word' id='word_1_233' title='bbox 1088 2972 1118 3028; x_wconf 87' lang='lat' dir='ltr'>in</span> 
     </span>
     <span class='ocr_line' id='line_1_29' title="bbox 127 3069 1119 3146; baseline -0.003 -17"><span class='ocrx_word' id='word_1_234' title='bbox 127 3072 267 3130; x_wconf 84' lang='lat' dir='ltr'>omnibus</span> <span class='ocrx_word' id='word_1_235' title='bbox 280 3071 352 3129; x_wconf 89' lang='lat' dir='ltr'>locis</span> <span class='ocrx_word' id='word_1_236' title='bbox 367 3081 540 3146; x_wconf 89' lang='lat' dir='ltr'>consumpta</span> <span class='ocrx_word' id='word_1_237' title='bbox 550 3070 609 3128; x_wconf 91' lang='lat' dir='ltr'>iam</span> <span class='ocrx_word' id='word_1_238' title='bbox 618 3070 727 3146; x_wconf 92' lang='lat' dir='ltr'>reliqua</span> <span class='ocrx_word' id='word_1_239' title='bbox 740 3079 820 3146; x_wconf 90' lang='lat' dir='ltr'>parte</span> <span class='ocrx_word' id='word_1_240' title='bbox 834 3069 928 3128; x_wconf 91' lang='lat' dir='ltr'>noctis</span> <span class='ocrx_word' id='word_1_241' title='bbox 943 3077 1119 3144; x_wconf 88' lang='lat' dir='ltr'>pugnaretur</span> 
     </span>
     <span class='ocr_line' id='line_1_30' title="bbox 126 3167 1117 3245; baseline -0.002 -18"><span class='ocrx_word' id='word_1_242' title='bbox 126 3187 302 3245; x_wconf 88' lang='lat' dir='ltr'>semperque</span> <span class='ocrx_word' id='word_1_243' title='bbox 316 3168 448 3226; x_wconf 91' lang='lat' dir='ltr'>hostibus</span> <span class='ocrx_word' id='word_1_244' title='bbox 468 3186 535 3244; x_wconf 91' lang='lat' dir='ltr'>spes</span> <span class='ocrx_word' id='word_1_245' title='bbox 548 3167 682 3225; x_wconf 86' lang='lat' dir='ltr'>victoriae</span> <span class='ocrx_word' id='word_1_246' title='bbox 699 3167 945 3243; x_wconf 89' lang='lat' dir='ltr'>redintegraretur,</span> <span class='ocrx_word' id='word_1_247' title='bbox 965 3183 1001 3224; x_wconf 92' lang='lat' dir='ltr'>eo</span> <span class='ocrx_word' id='word_1_248' title='bbox 1015 3167 1117 3242; x_wconf 90' lang='lat' dir='ltr'>magis,</span> 
     </span>
     <span class='ocr_line' id='line_1_31' title="bbox 125 3264 1162 3346; baseline -0.001 -19"><span class='ocrx_word' id='word_1_249' title='bbox 125 3269 209 3346; x_wconf 93' lang='lat' dir='ltr'>quod</span> <span class='ocrx_word' id='word_1_250' title='bbox 240 3267 359 3325; x_wconf 91' lang='lat' dir='ltr'>deustos</span> <span class='ocrx_word' id='word_1_251' title='bbox 389 3267 504 3342; x_wconf 91' lang='lat' dir='ltr'>pluteos</span> <span class='ocrx_word' id='word_1_252' title='bbox 533 3265 652 3324; x_wconf 91' lang='lat' dir='ltr'>turrium</span> <span class='ocrx_word' id='word_1_253' title='bbox 679 3265 816 3323; x_wconf 87' lang='lat' dir='ltr'>videbant</span> <span class='ocrx_word' id='word_1_254' title='bbox 846 3283 900 3323; x_wconf 90' lang='lat' dir='ltr'>nec</span> <span class='ocrx_word' id='word_1_255' title='bbox 928 3264 1010 3323; x_wconf 89' lang='lat' dir='ltr'>facile</span> <span class='ocrx_word' id='word_1_256' title='bbox 1038 3265 1116 3324; x_wconf 90' lang='lat' dir='ltr'>adire</span> <span class='ocrx_word' id='word_1_257' title='bbox 1130 3290 1162 3339; x_wconf 79' lang='lat'>30</span> 
     </span>
     <span class='ocr_line' id='line_1_32' title="bbox 125 3353 1117 3443; baseline -0.003 -18"><span class='ocrx_word' id='word_1_258' title='bbox 125 3353 246 3443; x_wconf 85' lang='lat' dir='ltr'>apertos</span> <span class='ocrx_word' id='word_1_259' title='bbox 273 3364 312 3423; x_wconf 93' lang='lat' dir='ltr'>ad</span> <span class='ocrx_word' id='word_1_260' title='bbox 340 3364 536 3423; x_wconf 85' lang='lat' dir='ltr'>auxiliandum</span> <span class='ocrx_word' id='word_1_261' title='bbox 564 3363 836 3434; x_wconf 89' lang='lat' dir='ltr'>animadvertebant,</span> <span class='ocrx_word' id='word_1_262' title='bbox 865 3381 1038 3439; x_wconf 89' lang='lat' dir='ltr'>semperque</span> <span class='ocrx_word' id='word_1_263' title='bbox 1062 3363 1117 3440; x_wconf 89' lang='lat' dir='ltr'>ipsi</span> 
     </span>
     <span class='ocr_line' id='line_1_33' title="bbox 124 3460 1116 3537; baseline -0.002 -15"><span class='ocrx_word' id='word_1_264' title='bbox 124 3472 259 3522; x_wconf 90' lang='lat' dir='ltr'>recentes</span> <span class='ocrx_word' id='word_1_265' title='bbox 279 3461 398 3521; x_wconf 90' lang='lat' dir='ltr'>defessis</span> <span class='ocrx_word' id='word_1_266' title='bbox 417 3462 604 3520; x_wconf 90' lang='lat' dir='ltr'>succederent</span> <span class='ocrx_word' id='word_1_267' title='bbox 621 3479 797 3537; x_wconf 92' lang='lat' dir='ltr'>omnemque</span> <span class='ocrx_word' id='word_1_268' title='bbox 815 3460 924 3520; x_wconf 90' lang='lat' dir='ltr'>Galliae</span> <span class='ocrx_word' id='word_1_269' title='bbox 942 3461 1062 3519; x_wconf 89' lang='lat' dir='ltr'>salutem</span> <span class='ocrx_word' id='word_1_270' title='bbox 1085 3461 1116 3520; x_wconf 93' lang='lat' dir='ltr'>in</span> 
     </span>
     <span class='ocr_line' id='line_1_34' title="bbox 124 3559 1116 3640; baseline 0.002 -19"><span class='ocrx_word' id='word_1_271' title='bbox 124 3562 177 3634; x_wconf 77' lang='lat' dir='ltr'>illo</span> <span class='ocrx_word' id='word_1_272' title='bbox 199 3560 321 3637; x_wconf 89' lang='lat' dir='ltr'>vestigio</span> <span class='ocrx_word' id='word_1_273' title='bbox 343 3561 480 3638; x_wconf 87' lang='lat' dir='ltr'>temporis</span> <span class='ocrx_word' id='word_1_274' title='bbox 500 3560 627 3638; x_wconf 92' lang='lat' dir='ltr'>positam</span> <span class='ocrx_word' id='word_1_275' title='bbox 648 3559 858 3633; x_wconf 88' lang='lat' dir='ltr'>arbitrarentur,</span> <span class='ocrx_word' id='word_1_276' title='bbox 880 3560 983 3621; x_wconf 90' lang='lat' dir='ltr'>accidit</span> <span class='ocrx_word' id='word_1_277' title='bbox 1002 3561 1116 3640; x_wconf 69' lang='lat' dir='ltr'>inspeo</span> 
     </span>
     <span class='ocr_line' id='line_1_35' title="bbox 616 3671 671 3714; baseline 0 0"><span class='ocrx_word' id='word_1_278' title='bbox 616 3671 671 3714; x_wconf 80' lang='lat' dir='ltr'>ua</span> 
     </span>
    </p>
   </div>
   <div class='ocr_carea' id='block_1_5' title="bbox 0 0 1322 3914">
    <p class='ocr_par' dir='ltr' id='par_1_7' title="bbox 0 0 1322 3914">
     <span class='ocr_line' id='line_1_36' title="bbox 0 0 1322 3914; baseline 0 3"><span class='ocrx_word' id='word_1_279' title='bbox 0 0 1322 3914; x_wconf 95' lang='lat' dir='ltr'> </span> 
     </span>
    </p>
   </div>
  </div>
 </body>
</html>
