2606 3934
104 239 198 328 6-9,
341 257 384 305 ou
406 258 515 307 annuo
540 256 689 308 caturco
712 259 823 308 corun.
846 260 887 308 rr.
1054 259 1094 329 37

102 405 217 464 milibus
239 423 376 482 passuum
397 418 465 466 octo
490 408 520 466 in
541 407 721 467 latitudinem
745 410 891 485 patebant.
935 413 965 466 8.
987 406 1095 466 Caesar

102 502 197 576 primo
217 513 245 561 et
264 514 382 579 propter
400 505 612 564 multitudinem
631 507 757 564 hostium
777 516 805 564 et
824 515 943 582 propter
960 505 1095 563 eximiam

103 601 270 674 opinionem
286 603 394 660 virtutis
412 603 522 678 proelio
540 603 727 678 supersedere
743 605 854 676 statuit;
877 604 982 662 cotidie
998 612 1096 660 tamen

103 699 283 773 equestribus
302 701 428 776 proeliis,
444 701 515 776 quid
533 701 624 760 hostis
643 701 744 760 virtute
759 711 859 779 posset
874 711 902 759 et
916 701 985 778 quid
1005 701 1096 758 nostri

102 795 248 868 auderent,
269 798 491 873 periclitabatur.
533 797 592 857 Ubi
620 809 737 857 nostros
765 818 827 857 non
855 818 919 858 esse
946 799 1123 858 inferiores5

101 895 247 965 intellexit,
270 896 336 954 loco
365 914 418 972 pro
447 897 548 954 castris
577 896 615 954 ad
643 897 736 954 aciem
765 897 967 956 instruendam
994 905 1097 954 natura

101 1001 267 1068 opportuno
293 1004 380 1068 atque
405 994 522 1064 idoneo,
544 995 624 1070 quod
648 995 673 1052 is
698 994 787 1064 collis,
812 996 862 1052 ubi
883 1004 977 1052 castra
1002 995 1097 1070 posita

100 1100 190 1162 erant,
223 1091 371 1167 paululum
406 1110 442 1150 ex
474 1092 598 1167 planicie
629 1093 721 1150 editus
756 1101 868 1150 tantum
900 1093 1035 1151 adversus
1066 1093 1096 1150 in

99 1188 282 1246 latitudinem
302 1191 429 1265 patebat,
451 1199 593 1266 quantum
613 1189 670 1248 loci
691 1189 768 1248 acies
793 1189 932 1248 instructa
953 1207 1096 1266 occupare

100 1295 222 1361 poterat,
244 1295 330 1362 atque
352 1305 389 1344 ex
409 1295 530 1362 utraque
552 1295 632 1363 parte
653 1287 748 1344 lateris
774 1286 902 1346 deiectus
923 1286 1048 1346 habebat
1069 1297 1141 1346 et10

99 1384 131 1440 in
142 1383 268 1442 frontem
282 1383 383 1442 leniter
393 1385 545 1460 fastigatus
560 1385 698 1460 paulatim
711 1385 747 1443 ad
762 1385 916 1460 planiciem
928 1385 1047 1458 redibat,
1059 1387 1096 1444 ab

33 1524 35 1530 .
100 1491 224 1556 utroque
238 1482 326 1540 latere
342 1484 403 1542 eius
418 1483 500 1541 collis
514 1493 708 1541 transversam
723 1482 834 1541 fossam
851 1483 973 1540 obduxit
986 1484 1097 1540 circiter

100 1597 240 1654 passuum
252 1581 529 1656 quadringentorum
541 1590 569 1639 et
581 1581 618 1639 ad
633 1591 776 1638 extremas
790 1580 885 1638 fossas
897 1581 1015 1639 castella
1026 1599 1096 1640 con-

101 1677 189 1736 stituit
205 1678 301 1754 ibique
316 1688 462 1738 tormenta
476 1679 637 1750 collocavit,
653 1697 700 1750 ne,
716 1697 783 1738 cum
801 1679 893 1736 aciem
907 1679 1096 1752 instruxisset,

100 1775 209 1848 hostes,
241 1776 322 1852 quod
357 1787 471 1835 tantum
501 1777 684 1835 multitudine
715 1786 858 1853 poterant,
890 1779 928 1835 ab
962 1777 1097 1836 lateribus
1113 1786 1140 1836 Ι5

100 1884 264 1950 pugnantes
293 1893 361 1934 suos
390 1877 597 1936 circumvenire
623 1887 752 1952 possent.
795 1875 865 1935 Hoc
885 1875 963 1935 facto
984 1878 1096 1938 duabus

99 1972 272 2047 legionibus,
298 1991 370 2050 quas
398 1974 532 2050 proxime
558 1975 779 2050 conscripserat,
804 1975 834 2032 in
860 1975 959 2034 castris
983 1977 1096 2049 relictis,

100 2079 141 2139 ut,
165 2069 189 2126 si
213 2087 272 2145 quo
297 2088 372 2146 opus
398 2080 482 2140 esset,
498 2071 628 2129 subsidio
654 2072 720 2129 duci
745 2081 874 2148 possent,
898 2073 1021 2148 reliquas
1046 2091 1097 2132 sex

100 2167 232 2242 legiones
253 2184 307 2243 pro
332 2168 431 2226 castris
455 2168 486 2225 in
511 2169 573 2226 acie
595 2169 749 2226 constituit.
793 2159 904 2228 Hostes
932 2171 1001 2228 item
1030 2189 1096 2230 suas

101 2265 201 2341 copias
220 2283 257 2323 ex
281 2265 381 2330 castris
401 2265 520 2324 eductas
544 2265 745 2326 instruxerant.
789 2274 819 2326 9.
841 2266 927 2326 Palus
952 2277 1012 2326 erat
1035 2287 1097 2327 non
1111 2275 1142 2312 ²0

100 2381 209 2438 magna
232 2363 307 2421 inter
331 2373 464 2422 nostrum
489 2373 576 2440 atque
597 2363 725 2422 hostium
747 2365 913 2424 exercitum.
957 2365 1045 2426 Hanc
1073 2367 1097 2426 si

100 2462 192 2520 nostri
217 2461 378 2532 transirent,
400 2461 500 2522 hostes
522 2464 749 2538 exspectabant;
773 2465 865 2522 nostri
887 2474 992 2536 autem,
1014 2466 1038 2524 si
1060 2467 1096 2524 ab

100 2561 155 2619 illis
179 2561 293 2618 initium
317 2559 485 2618 transeundi
509 2561 598 2632 lieret,
623 2570 656 2619 ut
679 2561 836 2637 impeditos
862 2563 1096 2638 aggrederentur,

100 2659 192 2736 parati
213 2659 243 2716 in
265 2657 352 2716 armis
374 2667 463 2716 erant.
506 2657 626 2716 Interim
647 2659 758 2734 proelio
781 2661 906 2736 equestri
930 2662 1003 2719 inter
1024 2662 1096 2720 duas

100 2740 177 2816 acies
199 2755 439 2816 contendebatur.
481 2754 541 2814 Ubi
557 2757 649 2814 neutri
667 2758 834 2816 transeundi
852 2758 964 2816 initium
978 2758 1094 2831 faciunt,
1111 2770 1139 2820 ²5

101 2855 272 2914 secundiore
296 2856 425 2932 equitum
452 2855 564 2932 proelio
592 2857 698 2913 nostris
722 2854 832 2914 Caesar
856 2875 925 2914 suos
949 2856 979 2913 in
1004 2869 1096 2916 castra

100 2952 221 3011 reduxit.
263 2951 374 3012 Hostes
398 2953 530 3028 protinus
553 2971 647 3012 exeo
672 2954 738 3013 loco
764 2955 802 3012 ad
826 2955 935 3012 flumen
959 2956 1095 3014 Axonam

102 3047 321 3121 contenderunt,
343 3050 424 3126 quod
444 3069 509 3110 esse
534 3060 601 3126 post
625 3061 725 3109 nostra
750 3061 842 3110 castra
867 3053 1095 3112 demonstratum

67 3138 69 3144 ’
101 3156 154 3206 est.
195 3146 241 3204 Ibi
261 3148 341 3208 vadis
363 3148 483 3224 repertis
503 3159 616 3224 partem
638 3167 753 3206 suarum
777 3151 926 3225 copiarum
947 3151 1094 3210 traducere

101 3244 200 3304 conati
215 3253 280 3304 sunt
294 3263 330 3304 eo
345 3246 475 3316 consilio,
490 3255 529 3316 ut,
545 3246 569 3304 si
585 3255 715 3322 possent,
731 3248 888 3318 castellum,
904 3249 949 3306 cui
964 3259 1094 3324 praeerat
1108 3263 1138 3310 30

101 3343 229 3414 Quintus
260 3343 388 3402 Titurius
419 3343 540 3420 legatus,
569 3355 769 3420 expugnarent
799 3355 976 3420 pontemque
1007 3347 1094 3404 inter-

101 3442 268 3509 scinderent
276 3459 284 3513 3
308 3441 331 3498 si
345 3442 440 3499 minus
456 3443 627 3517 potuissent,
643 3461 728 3517 agros
744 3443 903 3502 Remorum
920 3445 1093 3519 popularen-

100 3549 154 3610 tur,
184 3539 246 3624 qui
260 3555 370 3614 magno
402 3539 487 3597 nobis
519 3540 584 3598 usui
611 3539 649 3597 ad
677 3541 784 3598 bellum
814 3541 976 3615 gerendum
1004 3553 1092 3617 erant,
