2652 3928
154 190 299 276 δικ-36.
374 206 552 255 narsico
577 206 725 255 cnrrrco
748 206 858 255 comm.
886 207 962 257 vrrr.
1094 211 1154 277 199

161 352 277 410 milibus
297 363 473 412 armatorum
494 353 600 413 relictis
624 354 750 432 reliquos
773 373 810 414 ex
832 354 942 431 oppido
966 353 1102 430 Drappes
1126 365 1154 414 et

161 448 312 509 Lucterius
346 451 479 510 educunt.
522 451 564 510 Hi
598 471 708 530 paucos
742 454 804 513 dies
838 455 942 512 morati
976 472 1012 511 ex
1049 453 1153 510 finibus

163 545 369 620 Cadurcorum,
384 551 434 626 qui
452 550 556 626 partim
574 569 605 610 re
621 550 805 610 frumentaria
824 552 974 610 sublevare
990 565 1042 610 eos
1057 552 1154 626 cupie-

162 645 240 715 bant,
261 647 365 721 partim
384 647 547 721 prohibere,
567 667 626 724 quo
645 651 741 708 minus
760 659 915 720 sumerent,
932 667 993 706 non
1012 657 1153 725 poterant,

162 761 302 818 magnum
343 762 497 802 numerum
536 743 672 806 frumenti
714 757 894 823 comparant,
933 759 1181 822 nonnumquams

162 850 258 898 autem
287 842 520 918 expeditionibus
555 845 703 903 nocturnis
735 844 850 902 castella
881 854 1050 903 nostrorum
1084 843 1154 902 ado·

162 939 278 998 riuntur.
319 939 417 1012 Quam
447 941 487 998 ob
514 957 632 1000 causam
661 941 751 1000 Gaius
780 939 920 1000 Caninius
949 951 1012 1000 toto
1043 941 1154 1018 oppido

163 1038 336 1096 munitiones
353 1037 531 1096 circumdare
552 1050 688 1110 moratur,
711 1058 748 1097 ne
772 1049 821 1098 aut
839 1056 914 1114 opus
933 1038 1069 1098 effectum
1083 1041 1155 1097 tueri

162 1147 223 1190 non
240 1135 333 1209 possit
348 1143 398 1192 aut
417 1133 547 1210 plurimis
568 1137 599 1194 in
620 1136 692 1194 locis
713 1135 828 1194 infirma
848 1135 983 1211 disponat
1003 1136 1153 1212 praesidia.

162 1236 213 1289 35.
235 1230 348 1306 Magna
372 1233 458 1308 copia
485 1233 620 1292 immenti
646 1244 814 1310 comparata
840 1233 996 1292 considunt
1019 1233 1154 1308 Drappes
1170 1266 1199 1300 10

162 1340 191 1387 et
225 1329 372 1389 Lucterias
407 1348 469 1390 non
502 1331 618 1407 longius
653 1334 691 1391 ab
726 1332 836 1408 oppido
867 1350 887 1389 x
920 1331 1046 1402 milibus
1077 1331 1154 1389 unde

161 1427 299 1502 paulatim
320 1427 496 1486 frumentum
524 1429 554 1486 in
576 1431 716 1506 oppidum
740 1438 952 1506 supportarent.
994 1427 1055 1505 Ipsi
1082 1427 1155 1486 inter

162 1543 194 1582 se
221 1525 382 1600 provincias
409 1527 584 1601 partiuntur:
619 1527 754 1603 Drappes
783 1527 884 1585 castris
913 1527 1057 1603 praesidio
1087 1543 1154 1583 cum
1195 1517 1200 1531 '

157 1633 242 1698 parte
269 1624 419 1699 copiarum
446 1625 557 1696 restitit,
582 1625 732 1684 Lucterius
760 1643 867 1700 agmen
894 1625 1089 1683 iumentorum
1117 1625 1154 1682 ad

162 1721 303 1796 oppidum
320 1722 405 1780 ducit.
446 1721 603 1799 Dispositis
622 1725 662 1782 ibi
679 1723 828 1800 praesidiis
847 1722 920 1780 hora
937 1722 1030 1781 noctis
1044 1722 1154 1780 circiter
1170 1747 1196 1794 ¹5

155 1819 276 1880 decima
303 1819 477 1879 silvestribus
505 1821 693 1897 angustisque
721 1821 868 1879 itineribus
896 1819 1072 1878 frumentum
1099 1821 1153 1878 im·

162 1927 278 1992 portare
312 1918 343 1976 in
373 1918 516 1993 oppidum
543 1919 670 1978 instituit.
713 1917 848 1990 Quorum
876 1918 1025 1994 strepitum
1052 1919 1152 1994 vigiles

159 2025 321 2077 ,castrorum
356 2033 423 2074 curn
461 2015 627 2086 sensissent,
663 2017 918 2092 exploratoresque
953 2016 1042 2088 missi,
1078 2035 1152 2091 quae

162 2123 335 2189 gererentur,
364 2115 584 2185 renuntiassent,
613 2113 752 2172 Caninius
780 2113 907 2173 celeriter
935 2131 1002 2172 cum
1030 2113 1152 2171 cohorti·

163 2212 217 2268 bus
236 2210 352 2270 armatis
369 2193 406 2269 ex
425 2212 565 2286 proximis
583 2211 705 2270 castellis
722 2211 754 2270 in
768 2210 967 2269 frumentarios
986 2211 1040 2270 sub
1059 2211 1152 2286 ipsam
1168 2235 1198 2268 20

162 2308 257 2366 lucem
275 2309 415 2385 impeturn
429 2309 504 2368 fecit.
546 2308 571 2367 Ii
585 2311 736 2386 repentino
750 2311 828 2369 malo
842 2311 981 2386 perterriti
1001 2309 1153 2386 diffugiunt

162 2409 201 2466 ad
228 2425 280 2466 sua
306 2409 465 2484 praesidia;
498 2427 572 2485 quae
596 2411 688 2468 nostri
711 2419 743 2468 ut
770 2410 910 2480 viderunt,
936 2411 1028 2468 acrius
1052 2419 1154 2468 contra

161 2517 289 2564 armatos
316 2507 425 2564 incitati
447 2508 595 2564 neminem
615 2525 651 2564 ex
671 2524 707 2565 eo
725 2525 847 2565 numero
871 2509 967 2565 vivum
991 2507 1055 2584 capi
1079 2509 1153 2584 pati-

161 2611 256 2664 untur.
297 2603 428 2679 Profugit
451 2605 519 2662 inde
541 2623 609 2662 cum
630 2606 730 2680 paucis
752 2605 902 2664 Lucterius
925 2625 980 2664 nec
1002 2624 1034 2664 se
1055 2607 1154 2682 recipit

161 2703 192 2759 in
213 2711 313 2760 eastra
355 2707 406 2760 36.
430 2701 474 2760 Re
503 2702 578 2760 bene
601 2713 684 2778 gesta
708 2701 846 2762 Caninius
872 2723 908 2762 ex
933 2705 1050 2780 captivis
1073 2723 1153 2764 com·
1168 2727 1197 2776 ²5

161 2801 235 2876 perit
264 2809 376 2874 partem
403 2801 552 2876 copiarum
581 2818 647 2858 cum
678 2800 826 2877 Drappete
855 2821 918 2861 esse
951 2804 982 2860 in
1010 2804 1108 2862 castris
1136 2821 1154 2860 a

162 2897 277 2956 milibus
305 2896 392 2973 longe
421 2915 482 2955 non
509 2898 632 2973 amplius
657 2917 706 2956 rm.
749 2899 817 2970 Qua
841 2919 871 2958 re
897 2919 933 2958 err
957 2901 1153 2976 compluribus

162 2995 288 3069 cognita,
320 3013 387 3054 cum
417 2995 593 3070 intellegeret
625 2994 724 3071 fugato
760 2997 834 3056 duce
865 2998 954 3056 altero
988 3000 1153 3073 perterritos

162 3091 287 3168 reliquos
327 3092 410 3152 facile
448 3093 573 3169 opprimi
610 3111 705 3168 posse,
744 3111 868 3170 magnae
906 3095 1049 3154 felicitatis
1087 3115 1151 3156 esse

162 3190 350 3253 arbitrabatur
372 3190 518 3248 neminem
539 3210 575 3250 ex
597 3194 686 3251 caede
707 3195 848 3270 refugisse
870 3196 900 3254 in
921 3208 1021 3268 castra,
1044 3201 1093 3274 qui
1116 3201 1152 3259 de
1167 3232 1197 3280 30

162 3300 281 3366 accepta
299 3290 458 3349 calamitate
477 3292 610 3348 nuntium
629 3291 769 3367 Drappeti
788 3293 931 3367 perferret.
975 3295 1033 3354 Sed
1054 3298 1083 3354 in
1102 3317 1152 3355 ex-

161 3389 304 3464 periundo
323 3406 390 3446 curn
411 3388 569 3464 periculum
590 3389 700 3446 nullum
721 3390 836 3461 videret,
855 3392 1011 3467 equitatum
1033 3411 1151 3453 omnem

163 3483 385 3561 Germanosque
420 3486 540 3561 pedites,
576 3504 706 3544 summae
743 3487 900 3546 velocitatis
935 3490 1077 3564 homines,
1113 3495 1151 3551 ad

162 3593 256 3642 castra
284 3583 411 3642 hostiurn
438 3585 608 3660 praemittit;
640 3585 703 3659 ipse
730 3584 876 3660 legionem
905 3606 992 3647 unam
1020 3592 1050 3648 in
1078 3593 1152 3652 trina
