2634 3914
176 179 311 244 17-22.
388 177 434 224 nr
456 179 564 227 narro
588 177 738 228 aarrroo
760 179 870 239 coum
897 177 941 228 rr.
1103 181 1162 247 123

172 327 310 403 necisque
326 327 434 386 habent
448 339 621 405 potestatem
629 348 638 400 ;
659 338 688 388 et
707 348 773 388 cum
787 327 992 406 paterfamiliae
1011 323 1162 384 illustriore

172 424 239 484 loco
258 434 342 484 natus
364 426 494 498 decessit,
509 428 570 485 eius
585 427 741 503 propinqui
759 428 934 486 conveniunt
955 435 991 496 et,
1011 424 1047 482 de
1069 433 1162 480 morte

173 521 197 579 si
214 540 259 580 res
273 523 303 580 in
320 525 516 600 suspicionem
529 525 614 595 venit,
631 525 666 582 de
686 525 823 583 uxoribus
842 526 872 582 in
893 523 1022 583 servilem
1041 520 1162 579 modurn

172 623 372 698 quaestionem
385 623 493 682 habent
508 632 544 694 et,
560 625 583 682 si
595 633 776 700 compertum
790 634 842 695 est,
853 623 914 700 igni
928 632 1013 698 atque
1025 620 1161 680 omnibus

172 723 321 779 tormentis
342 723 518 780 excruciatas
543 722 724 780 interficiunt.
779 722 893 780 Funera
918 730 985 780 sunt
1008 737 1061 795 pro
1084 718 1188 776 cultus

172 815 321 876 Gallorum
332 819 488 894 magnifica
498 829 526 876 et
537 830 721 895 sumptuosa;
743 820 906 894 omniaque,
918 835 992 894 quae
1003 817 1071 874 vivis
1082 813 1162 873 cordi

171 914 258 973 fuisse
273 917 450 987 arbitrantur,
462 917 492 974 in
506 918 604 991 ignem
615 915 747 988 inierunt,
759 918 844 976 etiam
858 916 993 974 animalia
1001 933 1008 986 ;
1024 933 1058 972 ac
1073 912 1160 988 paulo

171 1029 258 1088 supra
276 1012 351 1072 hanc
369 1014 541 1071 memoriam
560 1014 633 1072 servi
652 1023 681 1072 et
695 1015 821 1084 clientes
839 1031 913 1090 quos
932 1015 969 1072 ab
988 1013 1022 1071 iis
1042 1012 1161 1070 dilectos

171 1127 235 1168 esse
257 1113 416 1178 constabat,
437 1111 517 1170 iustis
538 1111 685 1170 funeribus
710 1111 848 1170 conlectis
872 1129 931 1170 una
952 1111 1160 1170 cremabantur.

171 1212 224 1266 20.
247 1207 331 1279 Quae
345 1209 473 1267 civitates
487 1209 669 1270 commodius
689 1227 772 1268 suam
790 1209 1010 1285 rempublicam
1024 1206 1159 1266 adminis·
1176 1220 1205 1256 10

170 1315 244 1364 trare
258 1307 464 1378 existimantur,
475 1307 584 1365 habent
598 1307 709 1384 legibus
724 1317 865 1377 sanctum,
878 1306 901 1364 si
916 1307 980 1382 quis
994 1305 1064 1382 quid
1078 1304 1160 1362 dere

170 1403 285 1477 publica
303 1423 321 1462 a
340 1404 467 1463 finitimis
486 1423 601 1464 rumore
620 1415 669 1464 aut
684 1405 762 1462 fama
780 1404 931 1480 acceperit,
946 1403 987 1460 uti
1002 1403 1039 1461 ad
1052 1402 1160 1478 magis·

170 1510 275 1558 tratum
294 1501 403 1560 deferat
421 1520 493 1561 neve
513 1521 580 1560 cum
602 1521 660 1578 quo
681 1503 737 1561 alio
757 1502 960 1573 communicet,
975 1501 1055 1578 quod
1072 1517 1160 1577 saepe

169 1597 301 1657 homines
321 1601 486 1663 temerarios
508 1611 594 1676 atque
615 1601 762 1676 imperitos
781 1600 859 1659 falsis
879 1599 1042 1659 rumoribus
1062 1599 1160 1656 terreri

169 1706 198 1754 ct
218 1697 256 1755 ad
276 1697 386 1756 facinus
406 1699 513 1775 impelli
534 1709 563 1757 et
581 1699 616 1758 de
638 1700 757 1778 summis
778 1701 864 1756 rebus
884 1698 1036 1756 consilium
1055 1715 1159 1772 capere
1175 1711 1204 1764 15

169 1797 317 1869 cognitum
328 1805 379 1855 est.
422 1796 608 1872 Magistratus
623 1815 698 1874 quae
709 1798 769 1856 visa
784 1805 850 1854 sunt
861 1796 1015 1866 occultant,
1028 1811 1158 1872 quaeque

169 1910 232 1950 esse
246 1911 282 1951 ex
296 1911 351 1952 usu
364 1895 565 1967 iudicaverunt,
577 1895 750 1956 multitudini
764 1895 899 1970 produnt.
939 1892 985 1950 De
999 1911 1029 1950 re
1043 1892 1159 1970 publica

169 1991 223 2050 nisi
238 2009 289 2066 per
304 1992 458 2050 concilium
472 1993 551 2068 loqui
566 2010 627 2050 non
641 1992 816 2050 conceditur.

209 2091 254 2143 21.
277 2084 417 2144 Germani
450 2087 572 2145 multum
606 2088 644 2144 ab
679 2086 734 2145 hac
768 2085 978 2144 consuetudine
1015 2083 1157 2146 differunt.

168 2181 246 2240 Nam
273 2201 369 2260 neque
396 2184 512 2243 druides
545 2185 661 2256 habent,
690 2185 739 2260 qui
767 2187 853 2243 rebus
887 2183 989 2241 divinis
1021 2183 1157 2258 praesint,
1173 2201 1203 2236 20

168 2298 262 2356 neque
300 2281 446 2339 sacrificiis
483 2284 607 2341 student.
662 2281 793 2340 Deorum
831 2299 952 2339 numero
992 2298 1044 2338 eos
1081 2280 1158 2339 solos

169 2377 285 2448 ducunt,
311 2395 385 2452 quos
414 2389 535 2437 cernunt
559 2389 587 2438 et
614 2397 739 2456 quorum
763 2388 860 2455 aperte
885 2379 990 2454 opibus
1018 2378 1157 2448 iuvantur,

169 2473 267 2532 Solem
290 2484 319 2533 et
339 2473 504 2534 Vulcanum
528 2486 557 2534 et
581 2476 711 2549 Lunam3
735 2478 860 2554 reliquos
881 2494 918 2533 ne
941 2475 1019 2533 lama
1040 2476 1158 2552 quidem

168 2581 348 2648 acceperunt.
390 2572 459 2633 Vita
483 2575 578 2633 omnis
606 2575 636 2632 in
660 2575 859 2633 venationibus
888 2583 974 2650 atque
998 2573 1029 2630 in
1057 2573 1158 2632 studiis

167 2670 208 2728 rei
222 2671 349 2728 militaris
368 2672 515 2731 consistit:
538 2673 576 2732 ab
590 2673 715 2748 parvulis
733 2673 825 2730 labori
844 2690 878 2730 ac
893 2671 1012 2730 duritiae
1032 2671 1156 2732 student.
1172 2688 1201 2740 25

168 2765 228 2838 Qui
260 2767 418 2828 diutissime
446 2770 612 2844 impuberes
644 2779 873 2846 permanserunt,
900 2770 1058 2828 maximam
1085 2769 1157 2827 inter

168 2883 237 2924 suos
258 2865 353 2924 ferunt
373 2866 506 2924 laudern:
535 2867 591 2925 hoc
613 2867 650 2924 ali
671 2877 817 2938 staturam,
838 2867 875 2925 ali
896 2868 970 2926 vires
995 2884 1157 2944 nervosque

168 2964 331 3022 confirmari
355 2973 465 3038 putant.
507 2964 586 3023 Intra
610 2984 719 3026 annum
742 2984 810 3024 vero
838 2967 1005 3024 vicesimum
1032 2964 1157 3022 feminae

166 3061 299 3121 notitiam
323 3061 458 3120 habuisse
479 3063 510 3120 in
538 3063 709 3138 turpissimis
737 3063 844 3122 habent
871 3065 973 3137 rebus;
1007 3064 1094 3127 cuius
1116 3063 1157 3121 rei

166 3159 245 3216 nulla
271 3168 314 3222 est
338 3160 501 3230 occultatio,
523 3161 604 3236 quod
624 3169 653 3218 et
673 3161 837 3236 promiscue
852 3161 882 3218 in
902 3161 1069 3219 fluminibus
1093 3179 1156 3236 per·
1170 3177 1201 3224 3ο

165 3256 282 3315 luuntur
302 3266 331 3314 et
352 3257 475 3332 pellibus
495 3267 544 3316 aut
563 3258 658 3333 parvis
675 3257 838 3316 rhenonum
857 3259 1020 3333 tegimentis
1039 3267 1157 3320 utuntur

165 3372 273 3428 magna
288 3355 418 3429 corporis
433 3365 513 3430 parte
529 3357 616 3414 nuda.
658 3362 708 3414 22.
730 3355 930 3430 Agriculturae
950 3373 1011 3414 non
1030 3356 1155 3428 student,

165 3451 314 3529 maiorque
329 3469 398 3528 pars
416 3470 517 3514 eorum
536 3453 625 3514 victus
644 3454 674 3514 iu
691 3453 772 3526 lacte,
793 3469 888 3525 caseo,
908 3471 994 3514 carne
1016 3455 1155 3518 consistit.
