<?xml version="1.0" encoding="UTF-8"?>
<!DOCTYPE html PUBLIC "-//W3C//DTD XHTML 1.0 Transitional//EN"
    "http://www.w3.org/TR/xhtml1/DTD/xhtml1-transitional.dtd">
<html xmlns="http://www.w3.org/1999/xhtml" xml:lang="en" lang="en">
 <head>
  <title>
</title>
<meta http-equiv="Content-Type" content="text/html;charset=utf-8" />
  <meta name='ocr-system' content='tesseract 3.04.00' />
  <meta name='ocr-capabilities' content='ocr_page ocr_carea ocr_par ocr_line ocrx_word'/>
</head>
<body>
  <div class='ocr_page' id='page_1' title='image "./commentariescju01caesgoog_0106.png"; bbox 0 0 2634 3914; ppageno 0'>
   <div class='ocr_carea' id='block_1_1' title="bbox 147 253 1129 336">
    <p class='ocr_par' dir='ltr' id='par_1_1' title="bbox 147 253 1129 336">
     <span class='ocr_line' id='line_1_1' title="bbox 147 253 1129 336; baseline -0.002 -20"><span class='ocrx_word' id='word_1_1' title='bbox 147 253 281 336; x_wconf 86' lang='lat'>16-19.</span> <span class='ocrx_word' id='word_1_2' title='bbox 379 261 425 310; x_wconf 79' lang='lat' dir='ltr'><strong>rra</strong></span> <span class='ocrx_word' id='word_1_3' title='bbox 446 261 555 310; x_wconf 81' lang='lat' dir='ltr'><strong>narro</strong></span> <span class='ocrx_word' id='word_1_4' title='bbox 579 259 729 309; x_wconf 75' lang='lat' dir='ltr'><strong>erarico</strong></span> <span class='ocrx_word' id='word_1_5' title='bbox 752 261 863 310; x_wconf 77' lang='lat' dir='ltr'><strong>coum</strong></span> <span class='ocrx_word' id='word_1_6' title='bbox 887 263 937 311; x_wconf 74' lang='lat' dir='ltr'><strong>rr.</strong></span> <span class='ocrx_word' id='word_1_7' title='bbox 1089 259 1129 330; x_wconf 81' lang='lat'><strong>73</strong></span> 
     </span>
    </p>
   </div>
   <div class='ocr_carea' id='block_1_2' title="bbox 144 411 1229 3614">
    <p class='ocr_par' dir='ltr' id='par_1_2' title="bbox 144 411 1227 2149">
     <span class='ocr_line' id='line_1_2' title="bbox 144 411 1130 488; baseline -0.005 -16"><span class='ocrx_word' id='word_1_8' title='bbox 144 413 270 473; x_wconf 81' lang='lat' dir='ltr'><strong>instituit.</strong></span> <span class='ocrx_word' id='word_1_9' title='bbox 313 411 410 487; x_wconf 82' lang='lat' dir='ltr'>Tigna</span> <span class='ocrx_word' id='word_1_10' title='bbox 419 412 489 470; x_wconf 87' lang='lat' dir='ltr'><strong>bina</strong></span> <span class='ocrx_word' id='word_1_11' title='bbox 503 411 712 488; x_wconf 85' lang='lat' dir='ltr'>sesquipedalia</span> <span class='ocrx_word' id='word_1_12' title='bbox 725 411 841 488; x_wconf 92' lang='lat' dir='ltr'><strong>paulum</strong></span> <span class='ocrx_word' id='word_1_13' title='bbox 854 412 891 470; x_wconf 93' lang='lat' dir='ltr'><strong>ab</strong></span> <span class='ocrx_word' id='word_1_14' title='bbox 904 411 963 469; x_wconf 89' lang='lat' dir='ltr'><strong>imo</strong></span> <span class='ocrx_word' id='word_1_15' title='bbox 977 419 1130 487; x_wconf 88' lang='lat' dir='ltr'><strong>praeacuta</strong></span> 
     </span>
     <span class='ocr_line' id='line_1_3' title="bbox 145 508 1130 584; baseline -0.006 -14"><span class='ocrx_word' id='word_1_16' title='bbox 145 513 275 570; x_wconf 92' lang='lat' dir='ltr'><strong>dimensa</strong></span> <span class='ocrx_word' id='word_1_17' title='bbox 296 511 334 569; x_wconf 93' lang='lat' dir='ltr'><strong>ad</strong></span> <span class='ocrx_word' id='word_1_18' title='bbox 354 510 533 568; x_wconf 82' lang='lat' dir='ltr'><strong>altitudinem</strong></span> <span class='ocrx_word' id='word_1_19' title='bbox 553 509 679 568; x_wconf 88' lang='lat' dir='ltr'><strong>fluminis</strong></span> <span class='ocrx_word' id='word_1_20' title='bbox 704 509 850 568; x_wconf 87' lang='lat' dir='ltr'><strong>intervallo</strong></span> <span class='ocrx_word' id='word_1_21' title='bbox 876 509 984 584; x_wconf 92' lang='lat' dir='ltr'><strong>pedum</strong></span> <span class='ocrx_word' id='word_1_22' title='bbox 1008 508 1130 566; x_wconf 91' lang='lat' dir='ltr'><strong>duorum</strong></span> 
     </span>
     <span class='ocr_line' id='line_1_4' title="bbox 144 605 1131 683; baseline -0.007 -16"><span class='ocrx_word' id='word_1_23' title='bbox 144 610 217 667; x_wconf 90' lang='lat' dir='ltr'><strong>inter</strong></span> <span class='ocrx_word' id='word_1_24' title='bbox 238 627 269 666; x_wconf 93' lang='lat' dir='ltr'><strong>se</strong></span> <span class='ocrx_word' id='word_1_25' title='bbox 291 608 436 683; x_wconf 85' lang='lat' dir='ltr'><strong>iungebat.</strong></span> <span class='ocrx_word' id='word_1_26' title='bbox 478 606 562 665; x_wconf 88' lang='lat' dir='ltr'><strong>Haec</strong></span> <span class='ocrx_word' id='word_1_27' title='bbox 583 624 650 665; x_wconf 89' lang='lat' dir='ltr'><strong>cum</strong></span> <span class='ocrx_word' id='word_1_28' title='bbox 671 606 931 664; x_wconf 86' lang='lat' dir='ltr'><strong>machinationibus</strong></span> <span class='ocrx_word' id='word_1_29' title='bbox 951 606 1080 664; x_wconf 89' lang='lat' dir='ltr'><strong>immissa</strong></span> <span class='ocrx_word' id='word_1_30' title='bbox 1100 605 1131 661; x_wconf 90' lang='lat' dir='ltr'><strong>in</strong></span> 
     </span>
     <span class='ocr_line' id='line_1_5' title="bbox 145 702 1130 779; baseline -0.004 -15"><span class='ocrx_word' id='word_1_31' title='bbox 145 705 252 764; x_wconf 90' lang='lat' dir='ltr'><strong>fiumen</strong></span> <span class='ocrx_word' id='word_1_32' title='bbox 277 705 414 764; x_wconf 84' lang='lat' dir='ltr'><strong>defixerat</strong></span> <span class='ocrx_word' id='word_1_33' title='bbox 437 704 602 779; x_wconf 89' lang='lat' dir='ltr'><strong>fistucisque</strong></span> <span class='ocrx_word' id='word_1_34' title='bbox 630 703 774 779; x_wconf 86' lang='lat' dir='ltr'><strong>adegerat,</strong></span> <span class='ocrx_word' id='word_1_35' title='bbox 798 721 860 762; x_wconf 90' lang='lat' dir='ltr'><strong>non</strong></span> <span class='ocrx_word' id='word_1_36' title='bbox 887 703 1013 762; x_wconf 83' lang='lat' dir='ltr'><strong>sublicae</strong></span> <span class='ocrx_word' id='word_1_37' title='bbox 1040 702 1130 761; x_wconf 92' lang='lat' dir='ltr'><strong>modo</strong></span> 
     </span>
     <span class='ocr_line' id='line_1_6' title="bbox 146 801 1158 878; baseline 0.002 -16"><span class='ocrx_word' id='word_1_38' title='bbox 146 805 250 862; x_wconf 88' lang='lat' dir='ltr'><strong>directe</strong></span> <span class='ocrx_word' id='word_1_39' title='bbox 269 803 306 861; x_wconf 89' lang='lat' dir='ltr'><strong>ad</strong></span> <span class='ocrx_word' id='word_1_40' title='bbox 324 801 569 878; x_wconf 86' lang='lat' dir='ltr'><strong>perpendiculum,</strong></span> <span class='ocrx_word' id='word_1_41' title='bbox 588 801 640 860; x_wconf 94' lang='lat' dir='ltr'><strong>sed</strong></span> <span class='ocrx_word' id='word_1_42' title='bbox 658 819 750 876; x_wconf 91' lang='lat' dir='ltr'><strong>prone</strong></span> <span class='ocrx_word' id='word_1_43' title='bbox 770 821 805 860; x_wconf 92' lang='lat' dir='ltr'><strong>ac</strong></span> <span class='ocrx_word' id='word_1_44' title='bbox 823 801 963 877; x_wconf 86' lang='lat' dir='ltr'><strong>fastigate,</strong></span> <span class='ocrx_word' id='word_1_45' title='bbox 981 811 1012 860; x_wconf 91' lang='lat' dir='ltr'><strong>ut</strong></span> <span class='ocrx_word' id='word_1_46' title='bbox 1028 812 1158 864; x_wconf 83' lang='lat' dir='ltr'><strong>secun-5</strong></span> 
     </span>
     <span class='ocr_line' id='line_1_7' title="bbox 146 899 1131 975; baseline -0.003 -16"><span class='ocrx_word' id='word_1_47' title='bbox 146 901 214 959; x_wconf 90' lang='lat' dir='ltr'><strong>dum</strong></span> <span class='ocrx_word' id='word_1_48' title='bbox 228 910 360 959; x_wconf 90' lang='lat' dir='ltr'><strong>naturam</strong></span> <span class='ocrx_word' id='word_1_49' title='bbox 374 900 500 958; x_wconf 85' lang='lat' dir='ltr'><strong>fluminis</strong></span> <span class='ocrx_word' id='word_1_50' title='bbox 519 901 752 975; x_wconf 89' lang='lat' dir='ltr'><strong>procumberent,</strong></span> <span class='ocrx_word' id='word_1_51' title='bbox 767 900 811 959; x_wconf 91' lang='lat' dir='ltr'><strong>his</strong></span> <span class='ocrx_word' id='word_1_52' title='bbox 827 900 897 958; x_wconf 91' lang='lat' dir='ltr'><strong>item</strong></span> <span class='ocrx_word' id='word_1_53' title='bbox 911 901 1053 958; x_wconf 88' lang='lat' dir='ltr'><strong>contraria</strong></span> <span class='ocrx_word' id='word_1_54' title='bbox 1072 899 1131 957; x_wconf 93' lang='lat' dir='ltr'><strong>duo</strong></span> 
     </span>
     <span class='ocr_line' id='line_1_8' title="bbox 146 997 1132 1074; baseline -0.002 -18"><span class='ocrx_word' id='word_1_55' title='bbox 146 1000 183 1058; x_wconf 89' lang='lat' dir='ltr'><strong>ad</strong></span> <span class='ocrx_word' id='word_1_56' title='bbox 194 999 319 1057; x_wconf 92' lang='lat' dir='ltr'><strong>eundem</strong></span> <span class='ocrx_word' id='word_1_57' title='bbox 342 998 463 1056; x_wconf 90' lang='lat' dir='ltr'><strong>modurn</strong></span> <span class='ocrx_word' id='word_1_58' title='bbox 490 997 587 1056; x_wconf 90' lang='lat' dir='ltr'><strong>iuncta</strong></span> <span class='ocrx_word' id='word_1_59' title='bbox 613 997 759 1056; x_wconf 87' lang='lat' dir='ltr'><strong>intervallo</strong></span> <span class='ocrx_word' id='word_1_60' title='bbox 783 997 891 1074; x_wconf 88' lang='lat' dir='ltr'><strong>pedum</strong></span> <span class='ocrx_word' id='word_1_61' title='bbox 915 997 1132 1073; x_wconf 85' lang='lat' dir='ltr'><strong>quadragenum</strong></span> 
     </span>
     <span class='ocr_line' id='line_1_9' title="bbox 147 1095 1132 1173; baseline -0.002 -19"><span class='ocrx_word' id='word_1_62' title='bbox 147 1098 184 1154; x_wconf 93' lang='lat' dir='ltr'><strong>ab</strong></span> <span class='ocrx_word' id='word_1_63' title='bbox 203 1096 337 1154; x_wconf 85' lang='lat' dir='ltr'><strong>inferiore</strong></span> <span class='ocrx_word' id='word_1_64' title='bbox 355 1105 436 1173; x_wconf 90' lang='lat' dir='ltr'><strong>parte</strong></span> <span class='ocrx_word' id='word_1_65' title='bbox 456 1105 556 1153; x_wconf 90' lang='lat' dir='ltr'><strong>contra</strong></span> <span class='ocrx_word' id='word_1_66' title='bbox 577 1095 634 1152; x_wconf 91' lang='lat' dir='ltr'><strong>vim</strong></span> <span class='ocrx_word' id='word_1_67' title='bbox 653 1105 739 1171; x_wconf 89' lang='lat' dir='ltr'><strong>atque</strong></span> <span class='ocrx_word' id='word_1_68' title='bbox 759 1095 900 1172; x_wconf 91' lang='lat' dir='ltr'><strong>impetum</strong></span> <span class='ocrx_word' id='word_1_69' title='bbox 917 1095 1042 1153; x_wconf 90' lang='lat' dir='ltr'><strong>fluminis</strong></span> <span class='ocrx_word' id='word_1_70' title='bbox 1061 1113 1132 1154; x_wconf 91' lang='lat' dir='ltr'><strong>con·</strong></span> 
     </span>
     <span class='ocr_line' id='line_1_10' title="bbox 146 1191 1133 1269; baseline -0.001 -18"><span class='ocrx_word' id='word_1_71' title='bbox 146 1213 227 1253; x_wconf 85' lang='lat' dir='ltr'><strong>versa</strong></span> <span class='ocrx_word' id='word_1_72' title='bbox 242 1194 390 1252; x_wconf 82' lang='lat' dir='ltr'><strong>statuebat</strong></span> <span class='ocrx_word' id='word_1_73' title='bbox 434 1191 518 1250; x_wconf 89' lang='lat' dir='ltr'><strong>Haec</strong></span> <span class='ocrx_word' id='word_1_74' title='bbox 537 1203 656 1268; x_wconf 89' lang='lat' dir='ltr'><strong>utraque</strong></span> <span class='ocrx_word' id='word_1_75' title='bbox 675 1193 794 1269; x_wconf 91' lang='lat' dir='ltr'><strong>insuper</strong></span> <span class='ocrx_word' id='word_1_76' title='bbox 812 1193 993 1269; x_wconf 89' lang='lat' dir='ltr'><strong>bipedalibus</strong></span> <span class='ocrx_word' id='word_1_77' title='bbox 1007 1194 1133 1251; x_wconf 89' lang='lat' dir='ltr'><strong>trabibus</strong></span> 
     </span>
     <span class='ocr_line' id='line_1_11' title="bbox 147 1287 1227 1366; baseline -0.004 -16"><span class='ocrx_word' id='word_1_78' title='bbox 147 1292 291 1364; x_wconf 90' lang='lat' dir='ltr'><strong>immissis,</strong></span> <span class='ocrx_word' id='word_1_79' title='bbox 309 1300 449 1366; x_wconf 91' lang='lat' dir='ltr'><strong>quantum</strong></span> <span class='ocrx_word' id='word_1_80' title='bbox 470 1308 570 1348; x_wconf 91' lang='lat' dir='ltr'><strong>eorum</strong></span> <span class='ocrx_word' id='word_1_81' title='bbox 591 1291 737 1366; x_wconf 85' lang='lat' dir='ltr'><strong>tignorum</strong></span> <span class='ocrx_word' id='word_1_82' title='bbox 757 1292 888 1350; x_wconf 90' lang='lat' dir='ltr'><strong>iunctura</strong></span> <span class='ocrx_word' id='word_1_83' title='bbox 907 1291 1038 1362; x_wconf 89' lang='lat' dir='ltr'><strong>distabat,</strong></span> <span class='ocrx_word' id='word_1_84' title='bbox 1057 1289 1133 1348; x_wconf 91' lang='lat' dir='ltr'><strong>binis</strong></span> <span class='ocrx_word' id='word_1_85' title='bbox 1148 1301 1178 1337; x_wconf 87' lang='lat'><strong>10</strong></span> <span class='ocrx_word' id='word_1_86' title='bbox 1225 1287 1227 1295; x_wconf 77' lang='lat'>&#39;</span> 
     </span>
     <span class='ocr_line' id='line_1_12' title="bbox 147 1388 1133 1466; baseline -0.004 -18"><span class='ocrx_word' id='word_1_87' title='bbox 147 1391 289 1466; x_wconf 85' lang='lat' dir='ltr'><strong>utrimque</strong></span> <span class='ocrx_word' id='word_1_88' title='bbox 317 1389 410 1448; x_wconf 89' lang='lat' dir='ltr'><strong>fibulis</strong></span> <span class='ocrx_word' id='word_1_89' title='bbox 438 1389 475 1447; x_wconf 91' lang='lat' dir='ltr'><strong>ab</strong></span> <span class='ocrx_word' id='word_1_90' title='bbox 503 1399 631 1447; x_wconf 86' lang='lat' dir='ltr'><strong>extrema</strong></span> <span class='ocrx_word' id='word_1_91' title='bbox 657 1398 737 1464; x_wconf 89' lang='lat' dir='ltr'><strong>parte</strong></span> <span class='ocrx_word' id='word_1_92' title='bbox 769 1389 994 1462; x_wconf 89' lang='lat' dir='ltr'><strong>distinebantur;</strong></span> <span class='ocrx_word' id='word_1_93' title='bbox 1029 1388 1133 1462; x_wconf 93' lang='lat' dir='ltr'><strong>quibus</strong></span> 
     </span>
     <span class='ocr_line' id='line_1_13' title="bbox 148 1486 1134 1562; baseline -0.003 -16"><span class='ocrx_word' id='word_1_94' title='bbox 148 1488 278 1546; x_wconf 91' lang='lat' dir='ltr'><strong>disclusis</strong></span> <span class='ocrx_word' id='word_1_95' title='bbox 306 1497 391 1562; x_wconf 91' lang='lat' dir='ltr'><strong>atque</strong></span> <span class='ocrx_word' id='word_1_96' title='bbox 419 1486 449 1544; x_wconf 92' lang='lat' dir='ltr'><strong>in</strong></span> <span class='ocrx_word' id='word_1_97' title='bbox 473 1487 647 1544; x_wconf 90' lang='lat' dir='ltr'><strong>contrariam</strong></span> <span class='ocrx_word' id='word_1_98' title='bbox 671 1496 783 1562; x_wconf 92' lang='lat' dir='ltr'><strong>partem</strong></span> <span class='ocrx_word' id='word_1_99' title='bbox 810 1487 943 1546; x_wconf 87' lang='lat' dir='ltr'><strong>revinctis</strong></span> <span class='ocrx_word' id='word_1_100' title='bbox 967 1495 1048 1555; x_wconf 84' lang='lat' dir='ltr'><strong>tanta</strong></span> <span class='ocrx_word' id='word_1_101' title='bbox 1074 1495 1134 1544; x_wconf 93' lang='lat' dir='ltr'><strong>erat</strong></span> 
     </span>
     <span class='ocr_line' id='line_1_14' title="bbox 148 1585 1134 1663; baseline -0.003 -18"><span class='ocrx_word' id='word_1_102' title='bbox 148 1587 244 1663; x_wconf 91' lang='lat' dir='ltr'><strong>operis</strong></span> <span class='ocrx_word' id='word_1_103' title='bbox 264 1585 408 1643; x_wconf 91' lang='lat' dir='ltr'><strong>firmitudo</strong></span> <span class='ocrx_word' id='word_1_104' title='bbox 430 1593 516 1660; x_wconf 89' lang='lat' dir='ltr'><strong>atque</strong></span> <span class='ocrx_word' id='word_1_105' title='bbox 537 1603 572 1642; x_wconf 90' lang='lat' dir='ltr'><strong>ea</strong></span> <span class='ocrx_word' id='word_1_106' title='bbox 591 1603 687 1642; x_wconf 89' lang='lat' dir='ltr'><strong>rerum</strong></span> <span class='ocrx_word' id='word_1_107' title='bbox 708 1594 818 1656; x_wconf 90' lang='lat' dir='ltr'><strong>natura,</strong></span> <span class='ocrx_word' id='word_1_108' title='bbox 838 1595 879 1656; x_wconf 92' lang='lat' dir='ltr'><strong>ut,</strong></span> <span class='ocrx_word' id='word_1_109' title='bbox 900 1603 959 1662; x_wconf 94' lang='lat' dir='ltr'><strong>quo</strong></span> <span class='ocrx_word' id='word_1_110' title='bbox 980 1585 1072 1644; x_wconf 92' lang='lat' dir='ltr'><strong>maior</strong></span> <span class='ocrx_word' id='word_1_111' title='bbox 1092 1585 1134 1642; x_wconf 94' lang='lat' dir='ltr'><strong>vis</strong></span> 
     </span>
     <span class='ocr_line' id='line_1_15' title="bbox 148 1680 1135 1760; baseline -0.002 -18"><span class='ocrx_word' id='word_1_112' title='bbox 148 1701 240 1760; x_wconf 90' lang='lat' dir='ltr'><strong>aquae</strong></span> <span class='ocrx_word' id='word_1_113' title='bbox 261 1701 293 1742; x_wconf 91' lang='lat' dir='ltr'><strong>se</strong></span> <span class='ocrx_word' id='word_1_114' title='bbox 316 1681 498 1751; x_wconf 91' lang='lat' dir='ltr'><strong>incitavisset,</strong></span> <span class='ocrx_word' id='word_1_115' title='bbox 520 1680 577 1740; x_wconf 94' lang='lat' dir='ltr'><strong>hoc</strong></span> <span class='ocrx_word' id='word_1_116' title='bbox 598 1682 685 1740; x_wconf 92' lang='lat' dir='ltr'><strong>artius</strong></span> <span class='ocrx_word' id='word_1_117' title='bbox 709 1683 815 1759; x_wconf 89' lang='lat' dir='ltr'><strong>illigata</strong></span> <span class='ocrx_word' id='word_1_118' title='bbox 835 1691 1008 1742; x_wconf 88' lang='lat' dir='ltr'><strong>tenerentur.</strong></span> <span class='ocrx_word' id='word_1_119' title='bbox 1050 1681 1135 1740; x_wconf 91' lang='lat' dir='ltr'><strong>Haec</strong></span> 
     </span>
     <span class='ocr_line' id='line_1_16' title="bbox 149 1779 1176 1856; baseline -0.006 -16"><span class='ocrx_word' id='word_1_120' title='bbox 149 1782 255 1840; x_wconf 90' lang='lat' dir='ltr'><strong>directa</strong></span> <span class='ocrx_word' id='word_1_121' title='bbox 268 1781 386 1838; x_wconf 89' lang='lat' dir='ltr'><strong>materia</strong></span> <span class='ocrx_word' id='word_1_122' title='bbox 396 1779 501 1838; x_wconf 90' lang='lat' dir='ltr'><strong>iniecta</strong></span> <span class='ocrx_word' id='word_1_123' title='bbox 511 1781 739 1838; x_wconf 87' lang='lat' dir='ltr'><strong>contexebantur</strong></span> <span class='ocrx_word' id='word_1_124' title='bbox 753 1798 787 1839; x_wconf 92' lang='lat' dir='ltr'><strong>ac</strong></span> <span class='ocrx_word' id='word_1_125' title='bbox 801 1780 939 1856; x_wconf 85' lang='lat' dir='ltr'><strong>longuriis</strong></span> <span class='ocrx_word' id='word_1_126' title='bbox 955 1780 1135 1856; x_wconf 87' lang='lat' dir='ltr'><strong>cratibusque</strong></span> <span class='ocrx_word' id='word_1_127' title='bbox 1150 1797 1176 1848; x_wconf 83' lang='lat'><strong>15</strong></span> 
     </span>
     <span class='ocr_line' id='line_1_17' title="bbox 149 1877 1136 1950; baseline -0.002 -12"><span class='ocrx_word' id='word_1_128' title='bbox 149 1880 423 1950; x_wconf 90' lang='lat' dir='ltr'><strong>consternebantur;</strong></span> <span class='ocrx_word' id='word_1_129' title='bbox 445 1895 479 1936; x_wconf 90' lang='lat' dir='ltr'><strong>ac</strong></span> <span class='ocrx_word' id='word_1_130' title='bbox 498 1877 587 1936; x_wconf 90' lang='lat' dir='ltr'><strong>nihilo</strong></span> <span class='ocrx_word' id='word_1_131' title='bbox 608 1877 700 1936; x_wconf 91' lang='lat' dir='ltr'><strong>secius</strong></span> <span class='ocrx_word' id='word_1_132' title='bbox 720 1878 846 1936; x_wconf 90' lang='lat' dir='ltr'><strong>sublicae</strong></span> <span class='ocrx_word' id='word_1_133' title='bbox 866 1888 895 1938; x_wconf 92' lang='lat' dir='ltr'><strong>et</strong></span> <span class='ocrx_word' id='word_1_134' title='bbox 913 1879 951 1937; x_wconf 91' lang='lat' dir='ltr'><strong>ad</strong></span> <span class='ocrx_word' id='word_1_135' title='bbox 971 1878 1136 1938; x_wconf 90' lang='lat' dir='ltr'><strong>inferiorem</strong></span> 
     </span>
     <span class='ocr_line' id='line_1_18' title="bbox 148 1975 1136 2052; baseline -0.001 -18"><span class='ocrx_word' id='word_1_136' title='bbox 148 1986 261 2052; x_wconf 80' lang='lat' dir='ltr'><strong>partem</strong></span> <span class='ocrx_word' id='word_1_137' title='bbox 287 1977 412 2034; x_wconf 88' lang='lat' dir='ltr'><strong>fluminis</strong></span> <span class='ocrx_word' id='word_1_138' title='bbox 440 1975 557 2050; x_wconf 92' lang='lat' dir='ltr'><strong>oblique</strong></span> <span class='ocrx_word' id='word_1_139' title='bbox 582 1977 749 2052; x_wconf 84' lang='lat' dir='ltr'><strong>agebantur,</strong></span> <span class='ocrx_word' id='word_1_140' title='bbox 774 1994 849 2052; x_wconf 91' lang='lat' dir='ltr'><strong>quae</strong></span> <span class='ocrx_word' id='word_1_141' title='bbox 873 1994 927 2052; x_wconf 95' lang='lat' dir='ltr'><strong>pro</strong></span> <span class='ocrx_word' id='word_1_142' title='bbox 954 1977 1041 2034; x_wconf 88' lang='lat' dir='ltr'><strong>ariete</strong></span> <span class='ocrx_word' id='word_1_143' title='bbox 1069 1977 1136 2035; x_wconf 79' lang='lat' dir='ltr'><strong>sub</strong></span> 
     </span>
     <span class='ocr_line' id='line_1_19' title="bbox 149 2073 1136 2149; baseline 0 -19"><span class='ocrx_word' id='word_1_144' title='bbox 149 2073 240 2130; x_wconf 92' lang='lat' dir='ltr'><strong>iectae</strong></span> <span class='ocrx_word' id='word_1_145' title='bbox 254 2082 359 2132; x_wconf 90' lang='lat' dir='ltr'><strong>etcum</strong></span> <span class='ocrx_word' id='word_1_146' title='bbox 373 2073 454 2130; x_wconf 91' lang='lat' dir='ltr'><strong>omni</strong></span> <span class='ocrx_word' id='word_1_147' title='bbox 468 2090 556 2148; x_wconf 91' lang='lat' dir='ltr'><strong>opere</strong></span> <span class='ocrx_word' id='word_1_148' title='bbox 571 2074 742 2131; x_wconf 90' lang='lat' dir='ltr'><strong>coniunctae</strong></span> <span class='ocrx_word' id='word_1_149' title='bbox 755 2074 813 2130; x_wconf 91' lang='lat' dir='ltr'><strong>vim</strong></span> <span class='ocrx_word' id='word_1_150' title='bbox 823 2073 950 2131; x_wconf 90' lang='lat' dir='ltr'><strong>fluminis</strong></span> <span class='ocrx_word' id='word_1_151' title='bbox 964 2073 1136 2149; x_wconf 84' lang='lat' dir='ltr'><strong>exciperent,</strong></span> 
     </span>
    </p>

    <p class='ocr_par' dir='ltr' id='par_1_3' title="bbox 150 2171 1229 3614">
     <span class='ocr_line' id='line_1_20' title="bbox 150 2171 1137 2247; baseline 0.001 -20"><span class='ocrx_word' id='word_1_152' title='bbox 150 2180 179 2228; x_wconf 90' lang='lat' dir='ltr'><strong>et</strong></span> <span class='ocrx_word' id='word_1_153' title='bbox 199 2171 270 2228; x_wconf 90' lang='lat' dir='ltr'><strong>aliae</strong></span> <span class='ocrx_word' id='word_1_154' title='bbox 288 2173 357 2230; x_wconf 89' lang='lat' dir='ltr'><strong>item</strong></span> <span class='ocrx_word' id='word_1_155' title='bbox 377 2189 463 2247; x_wconf 89' lang='lat' dir='ltr'><strong>supra</strong></span> <span class='ocrx_word' id='word_1_156' title='bbox 481 2180 601 2246; x_wconf 90' lang='lat' dir='ltr'><strong>pontem</strong></span> <span class='ocrx_word' id='word_1_157' title='bbox 620 2171 758 2228; x_wconf 90' lang='lat' dir='ltr'><strong>mediocri</strong></span> <span class='ocrx_word' id='word_1_158' title='bbox 778 2171 879 2246; x_wconf 89' lang='lat' dir='ltr'><strong>spatio,</strong></span> <span class='ocrx_word' id='word_1_159' title='bbox 898 2180 938 2241; x_wconf 92' lang='lat' dir='ltr'><strong>ut,</strong></span> <span class='ocrx_word' id='word_1_160' title='bbox 958 2171 982 2228; x_wconf 91' lang='lat' dir='ltr'><strong>si</strong></span> <span class='ocrx_word' id='word_1_161' title='bbox 1001 2173 1137 2229; x_wconf 89' lang='lat' dir='ltr'><strong>arborum</strong></span> 
     </span>
     <span class='ocr_line' id='line_1_21' title="bbox 150 2268 1182 2344; baseline 0.002 -18"><span class='ocrx_word' id='word_1_162' title='bbox 150 2269 242 2327; x_wconf 92' lang='lat' dir='ltr'><strong>trunci</strong></span> <span class='ocrx_word' id='word_1_163' title='bbox 262 2269 320 2328; x_wconf 90' lang='lat' dir='ltr'><strong>sive</strong></span> <span class='ocrx_word' id='word_1_164' title='bbox 338 2287 425 2328; x_wconf 90' lang='lat' dir='ltr'><strong>naves</strong></span> <span class='ocrx_word' id='word_1_165' title='bbox 447 2269 589 2327; x_wconf 90' lang='lat' dir='ltr'><strong>deiciendi</strong></span> <span class='ocrx_word' id='word_1_166' title='bbox 607 2269 703 2344; x_wconf 92' lang='lat' dir='ltr'><strong>operis</strong></span> <span class='ocrx_word' id='word_1_167' title='bbox 724 2277 822 2326; x_wconf 87' lang='lat' dir='ltr'><strong>essent</strong></span> <span class='ocrx_word' id='word_1_168' title='bbox 841 2287 859 2327; x_wconf 90' lang='lat' dir='ltr'><strong>a</strong></span> <span class='ocrx_word' id='word_1_169' title='bbox 876 2268 1005 2326; x_wconf 90' lang='lat' dir='ltr'><strong>barbaris</strong></span> <span class='ocrx_word' id='word_1_170' title='bbox 1024 2268 1137 2340; x_wconf 87' lang='lat' dir='ltr'><strong>missae,</strong></span> <span class='ocrx_word' id='word_1_171' title='bbox 1152 2295 1182 2328; x_wconf 82' lang='lat'><strong>20</strong></span> 
     </span>
     <span class='ocr_line' id='line_1_22' title="bbox 151 2365 1139 2442; baseline 0.001 -18"><span class='ocrx_word' id='word_1_172' title='bbox 151 2367 195 2424; x_wconf 90' lang='lat' dir='ltr'><strong>his</strong></span> <span class='ocrx_word' id='word_1_173' title='bbox 223 2365 422 2424; x_wconf 86' lang='lat' dir='ltr'><strong>defensoribus</strong></span> <span class='ocrx_word' id='word_1_174' title='bbox 450 2384 549 2424; x_wconf 90' lang='lat' dir='ltr'><strong>earum</strong></span> <span class='ocrx_word' id='word_1_175' title='bbox 576 2384 671 2424; x_wconf 90' lang='lat' dir='ltr'><strong>rerum</strong></span> <span class='ocrx_word' id='word_1_176' title='bbox 698 2367 740 2425; x_wconf 87' lang='lat' dir='ltr'><strong>vis</strong></span> <span class='ocrx_word' id='word_1_177' title='bbox 767 2367 951 2437; x_wconf 89' lang='lat' dir='ltr'><strong>minueretur,</strong></span> <span class='ocrx_word' id='word_1_178' title='bbox 975 2385 1033 2424; x_wconf 93' lang='lat' dir='ltr'><strong>neu</strong></span> <span class='ocrx_word' id='word_1_179' title='bbox 1056 2367 1139 2442; x_wconf 91' lang='lat' dir='ltr'><strong>ponti</strong></span> 
     </span>
     <span class='ocr_line' id='line_1_23' title="bbox 154 2463 1229 2548; baseline 0.001 -26"><span class='ocrx_word' id='word_1_180' title='bbox 154 2475 298 2524; x_wconf 90' lang='lat' dir='ltr'><strong>nocerent.</strong></span> <span class='ocrx_word' id='word_1_181' title='bbox 340 2471 388 2524; x_wconf 87' lang='lat'><strong>18.</strong></span> <span class='ocrx_word' id='word_1_182' title='bbox 409 2463 520 2523; x_wconf 89' lang='lat' dir='ltr'><strong>Diebus</strong></span> <span class='ocrx_word' id='word_1_183' title='bbox 544 2463 654 2535; x_wconf 89' lang='lat' dir='ltr'><strong>decern,</strong></span> <span class='ocrx_word' id='word_1_184' title='bbox 680 2465 784 2541; x_wconf 90' lang='lat' dir='ltr'><strong>quibus</strong></span> <span class='ocrx_word' id='word_1_185' title='bbox 808 2465 928 2542; x_wconf 88' lang='lat' dir='ltr'><strong>materia</strong></span> <span class='ocrx_word' id='word_1_186' title='bbox 948 2473 1056 2548; x_wconf 90' lang='lat' dir='ltr'><strong>coepta</strong></span> <span class='ocrx_word' id='word_1_187' title='bbox 1080 2475 1140 2523; x_wconf 90' lang='lat' dir='ltr'><strong>erat</strong></span> <span class='ocrx_word' id='word_1_188' title='bbox 1225 2471 1229 2480; x_wconf 94' lang='lat'>&#39;</span> 
     </span>
     <span class='ocr_line' id='line_1_24' title="bbox 153 2561 1141 2638; baseline 0.002 -18"><span class='ocrx_word' id='word_1_189' title='bbox 153 2563 334 2638; x_wconf 87' lang='lat' dir='ltr'><strong>comportari,</strong></span> <span class='ocrx_word' id='word_1_190' title='bbox 349 2562 430 2620; x_wconf 88' lang='lat' dir='ltr'><strong>omni</strong></span> <span class='ocrx_word' id='word_1_191' title='bbox 444 2579 533 2638; x_wconf 90' lang='lat' dir='ltr'><strong>opere</strong></span> <span class='ocrx_word' id='word_1_192' title='bbox 550 2563 654 2620; x_wconf 90' lang='lat' dir='ltr'><strong>effecto</strong></span> <span class='ocrx_word' id='word_1_193' title='bbox 672 2563 812 2622; x_wconf 87' lang='lat' dir='ltr'><strong>exercitus</strong></span> <span class='ocrx_word' id='word_1_194' title='bbox 828 2563 989 2621; x_wconf 89' lang='lat' dir='ltr'><strong>traducitur.</strong></span> <span class='ocrx_word' id='word_1_195' title='bbox 1033 2561 1141 2622; x_wconf 89' lang='lat' dir='ltr'><strong>Caesar</strong></span> 
     </span>
     <span class='ocr_line' id='line_1_25' title="bbox 153 2661 1140 2736; baseline 0.001 -18"><span class='ocrx_word' id='word_1_196' title='bbox 153 2661 190 2718; x_wconf 94' lang='lat' dir='ltr'><strong>ad</strong></span> <span class='ocrx_word' id='word_1_197' title='bbox 210 2670 360 2736; x_wconf 91' lang='lat' dir='ltr'><strong>utramque</strong></span> <span class='ocrx_word' id='word_1_198' title='bbox 380 2669 491 2736; x_wconf 91' lang='lat' dir='ltr'><strong>partem</strong></span> <span class='ocrx_word' id='word_1_199' title='bbox 511 2661 608 2736; x_wconf 92' lang='lat' dir='ltr'><strong>pontis</strong></span> <span class='ocrx_word' id='word_1_200' title='bbox 629 2661 712 2718; x_wconf 91' lang='lat' dir='ltr'><strong>firmo</strong></span> <span class='ocrx_word' id='word_1_201' title='bbox 734 2661 876 2736; x_wconf 90' lang='lat' dir='ltr'><strong>praesidio</strong></span> <span class='ocrx_word' id='word_1_202' title='bbox 897 2661 995 2719; x_wconf 90' lang='lat' dir='ltr'><strong>relicto</strong></span> <span class='ocrx_word' id='word_1_203' title='bbox 1017 2661 1047 2718; x_wconf 91' lang='lat' dir='ltr'><strong>in</strong></span> <span class='ocrx_word' id='word_1_204' title='bbox 1068 2662 1140 2720; x_wconf 91' lang='lat' dir='ltr'><strong>fines</strong></span> 
     </span>
     <span class='ocr_line' id='line_1_26' title="bbox 154 2757 1185 2834; baseline 0.003 -18"><span class='ocrx_word' id='word_1_205' title='bbox 154 2757 380 2834; x_wconf 85' lang='lat' dir='ltr'><strong>Sugambrorum</strong></span> <span class='ocrx_word' id='word_1_206' title='bbox 395 2757 550 2816; x_wconf 91' lang='lat' dir='ltr'><strong>contendit</strong></span> <span class='ocrx_word' id='word_1_207' title='bbox 591 2757 711 2816; x_wconf 87' lang='lat' dir='ltr'><strong>Interim</strong></span> <span class='ocrx_word' id='word_1_208' title='bbox 730 2776 748 2816; x_wconf 92' lang='lat' dir='ltr'><strong>a</strong></span> <span class='ocrx_word' id='word_1_209' title='bbox 767 2759 961 2834; x_wconf 91' lang='lat' dir='ltr'><strong>compluribus</strong></span> <span class='ocrx_word' id='word_1_210' title='bbox 981 2759 1140 2818; x_wconf 88' lang='lat' dir='ltr'><strong>civitatibus</strong></span> <span class='ocrx_word' id='word_1_211' title='bbox 1156 2783 1185 2833; x_wconf 86' lang='lat'><strong>²5</strong></span> 
     </span>
     <span class='ocr_line' id='line_1_27' title="bbox 153 2855 1141 2932; baseline 0.003 -20"><span class='ocrx_word' id='word_1_212' title='bbox 153 2855 191 2912; x_wconf 92' lang='lat' dir='ltr'><strong>ad</strong></span> <span class='ocrx_word' id='word_1_213' title='bbox 221 2873 288 2912; x_wconf 91' lang='lat' dir='ltr'><strong>eum</strong></span> <span class='ocrx_word' id='word_1_214' title='bbox 319 2855 406 2930; x_wconf 84' lang='lat' dir='ltr'><strong>legati</strong></span> <span class='ocrx_word' id='word_1_215' title='bbox 436 2855 570 2927; x_wconf 89' lang='lat' dir='ltr'><strong>veniunt;</strong></span> <span class='ocrx_word' id='word_1_216' title='bbox 605 2856 709 2932; x_wconf 89' lang='lat' dir='ltr'><strong>quibus</strong></span> <span class='ocrx_word' id='word_1_217' title='bbox 739 2874 842 2932; x_wconf 91' lang='lat' dir='ltr'><strong>pacem</strong></span> <span class='ocrx_word' id='word_1_218' title='bbox 874 2865 960 2932; x_wconf 92' lang='lat' dir='ltr'><strong>atque</strong></span> <span class='ocrx_word' id='word_1_219' title='bbox 987 2857 1141 2916; x_wconf 90' lang='lat' dir='ltr'><strong>amicitiam</strong></span> 
     </span>
     <span class='ocr_line' id='line_1_28' title="bbox 152 2951 1142 3030; baseline 0.003 -21"><span class='ocrx_word' id='word_1_220' title='bbox 152 2952 316 3027; x_wconf 90' lang='lat' dir='ltr'><strong>petentibus</strong></span> <span class='ocrx_word' id='word_1_221' title='bbox 347 2951 497 3010; x_wconf 86' lang='lat' dir='ltr'><strong>liberaliter</strong></span> <span class='ocrx_word' id='word_1_222' title='bbox 526 2953 677 3028; x_wconf 91' lang='lat' dir='ltr'><strong>respondit</strong></span> <span class='ocrx_word' id='word_1_223' title='bbox 708 2954 882 3030; x_wconf 87' lang='lat' dir='ltr'><strong>obsidesque</strong></span> <span class='ocrx_word' id='word_1_224' title='bbox 913 2955 951 3012; x_wconf 93' lang='lat' dir='ltr'><strong>ad</strong></span> <span class='ocrx_word' id='word_1_225' title='bbox 978 2973 1009 3013; x_wconf 94' lang='lat' dir='ltr'><strong>se</strong></span> <span class='ocrx_word' id='word_1_226' title='bbox 1037 2955 1142 3013; x_wconf 89' lang='lat' dir='ltr'><strong>adduci</strong></span> 
     </span>
     <span class='ocr_line' id='line_1_29' title="bbox 152 3048 1141 3128; baseline 0.005 -22"><span class='ocrx_word' id='word_1_227' title='bbox 152 3049 240 3106; x_wconf 90' lang='lat' dir='ltr'><strong>iubet</strong></span> <span class='ocrx_word' id='word_1_228' title='bbox 283 3048 436 3124; x_wconf 87' lang='lat' dir='ltr'><strong>Sugambri</strong></span> <span class='ocrx_word' id='word_1_229' title='bbox 455 3067 491 3107; x_wconf 87' lang='lat' dir='ltr'><strong>ex</strong></span> <span class='ocrx_word' id='word_1_230' title='bbox 511 3067 546 3108; x_wconf 90' lang='lat' dir='ltr'><strong>eo</strong></span> <span class='ocrx_word' id='word_1_231' title='bbox 566 3059 706 3126; x_wconf 91' lang='lat' dir='ltr'><strong>tempore,</strong></span> <span class='ocrx_word' id='word_1_232' title='bbox 724 3069 782 3127; x_wconf 94' lang='lat' dir='ltr'><strong>quo</strong></span> <span class='ocrx_word' id='word_1_233' title='bbox 801 3069 876 3128; x_wconf 91' lang='lat' dir='ltr'><strong>pons</strong></span> <span class='ocrx_word' id='word_1_234' title='bbox 896 3052 1002 3110; x_wconf 87' lang='lat' dir='ltr'><strong>institui</strong></span> <span class='ocrx_word' id='word_1_235' title='bbox 1022 3063 1141 3128; x_wconf 90' lang='lat' dir='ltr'><strong>coeptus</strong></span> 
     </span>
     <span class='ocr_line' id='line_1_30' title="bbox 153 3147 1141 3228; baseline 0.006 -24"><span class='ocrx_word' id='word_1_236' title='bbox 153 3157 206 3217; x_wconf 92' lang='lat' dir='ltr'><strong>est,</strong></span> <span class='ocrx_word' id='word_1_237' title='bbox 221 3147 290 3224; x_wconf 84' lang='lat' dir='ltr'><strong>fuga</strong></span> <span class='ocrx_word' id='word_1_238' title='bbox 309 3158 477 3226; x_wconf 86' lang='lat' dir='ltr'><strong>comparata</strong></span> <span class='ocrx_word' id='word_1_239' title='bbox 490 3148 670 3207; x_wconf 87' lang='lat' dir='ltr'><strong>hortantibus</strong></span> <span class='ocrx_word' id='word_1_240' title='bbox 689 3151 731 3220; x_wconf 88' lang='lat' dir='ltr'><strong>iis,</strong></span> <span class='ocrx_word' id='word_1_241' title='bbox 747 3169 821 3226; x_wconf 92' lang='lat' dir='ltr'><strong>quos</strong></span> <span class='ocrx_word' id='word_1_242' title='bbox 840 3170 876 3210; x_wconf 89' lang='lat' dir='ltr'><strong>ex</strong></span> <span class='ocrx_word' id='word_1_243' title='bbox 892 3151 1042 3210; x_wconf 90' lang='lat' dir='ltr'><strong>Tencteris</strong></span> <span class='ocrx_word' id='word_1_244' title='bbox 1057 3161 1141 3228; x_wconf 88' lang='lat' dir='ltr'><strong>atque</strong></span> 
     </span>
     <span class='ocr_line' id='line_1_31' title="bbox 152 3244 1188 3326; baseline 0.004 -24"><span class='ocrx_word' id='word_1_245' title='bbox 152 3244 322 3320; x_wconf 90' lang='lat' dir='ltr'><strong>Usipetibus</strong></span> <span class='ocrx_word' id='word_1_246' title='bbox 336 3246 413 3320; x_wconf 88' lang='lat' dir='ltr'><strong>apud</strong></span> <span class='ocrx_word' id='word_1_247' title='bbox 431 3264 462 3304; x_wconf 91' lang='lat' dir='ltr'><strong>se</strong></span> <span class='ocrx_word' id='word_1_248' title='bbox 475 3244 630 3318; x_wconf 91' lang='lat' dir='ltr'><strong>habebant,</strong></span> <span class='ocrx_word' id='word_1_249' title='bbox 646 3247 750 3306; x_wconf 90' lang='lat' dir='ltr'><strong>finibus</strong></span> <span class='ocrx_word' id='word_1_250' title='bbox 765 3248 824 3306; x_wconf 88' lang='lat' dir='ltr'><strong>suis</strong></span> <span class='ocrx_word' id='word_1_251' title='bbox 839 3257 1021 3306; x_wconf 87' lang='lat' dir='ltr'><strong>excesserant</strong></span> <span class='ocrx_word' id='word_1_252' title='bbox 1035 3267 1143 3326; x_wconf 89' lang='lat' dir='ltr'><strong>suaque</strong></span> <span class='ocrx_word' id='word_1_253' title='bbox 1157 3273 1188 3322; x_wconf 81' lang='lat'><strong>30</strong></span> 
     </span>
     <span class='ocr_line' id='line_1_32' title="bbox 152 3341 1142 3419; baseline 0.008 -19"><span class='ocrx_word' id='word_1_254' title='bbox 152 3341 255 3400; x_wconf 90' lang='lat' dir='ltr'><strong>omnia</strong></span> <span class='ocrx_word' id='word_1_255' title='bbox 263 3351 482 3416; x_wconf 89' lang='lat' dir='ltr'><strong>exportaverant</strong></span> <span class='ocrx_word' id='word_1_256' title='bbox 493 3361 581 3419; x_wconf 90' lang='lat' dir='ltr'><strong>seque</strong></span> <span class='ocrx_word' id='word_1_257' title='bbox 592 3344 622 3401; x_wconf 93' lang='lat' dir='ltr'><strong>in</strong></span> <span class='ocrx_word' id='word_1_258' title='bbox 633 3344 817 3404; x_wconf 90' lang='lat' dir='ltr'><strong>solitudinem</strong></span> <span class='ocrx_word' id='word_1_259' title='bbox 826 3363 860 3404; x_wconf 88' lang='lat' dir='ltr'><strong>ac</strong></span> <span class='ocrx_word' id='word_1_260' title='bbox 872 3346 955 3404; x_wconf 89' lang='lat' dir='ltr'><strong>silvas</strong></span> <span class='ocrx_word' id='word_1_261' title='bbox 967 3348 1142 3409; x_wconf 90' lang='lat' dir='ltr'><strong>abdiderant.</strong></span> 
     </span>
     <span class='ocr_line' id='line_1_33' title="bbox 152 3437 1144 3514; baseline 0.007 -17"><span class='ocrx_word' id='word_1_262' title='bbox 152 3445 204 3497; x_wconf 90' lang='grc'><strong>19.</strong></span> <span class='ocrx_word' id='word_1_263' title='bbox 227 3437 335 3496; x_wconf 90' lang='lat' dir='ltr'><strong>Caesar</strong></span> <span class='ocrx_word' id='word_1_264' title='bbox 355 3457 466 3514; x_wconf 91' lang='lat' dir='ltr'><strong>paucos</strong></span> <span class='ocrx_word' id='word_1_265' title='bbox 487 3440 548 3497; x_wconf 93' lang='lat' dir='ltr'><strong>dies</strong></span> <span class='ocrx_word' id='word_1_266' title='bbox 569 3440 599 3497; x_wconf 92' lang='lat' dir='ltr'><strong>in</strong></span> <span class='ocrx_word' id='word_1_267' title='bbox 620 3458 720 3498; x_wconf 91' lang='lat' dir='ltr'><strong>eorum</strong></span> <span class='ocrx_word' id='word_1_268' title='bbox 738 3442 844 3500; x_wconf 91' lang='lat' dir='ltr'><strong>finibus</strong></span> <span class='ocrx_word' id='word_1_269' title='bbox 862 3453 990 3502; x_wconf 90' lang='lat' dir='ltr'><strong>moratus</strong></span> <span class='ocrx_word' id='word_1_270' title='bbox 1009 3446 1144 3505; x_wconf 90' lang='lat' dir='ltr'><strong>omnibus</strong></span> 
     </span>
     <span class='ocr_line' id='line_1_34' title="bbox 154 3534 1144 3614; baseline 0.011 -22"><span class='ocrx_word' id='word_1_271' title='bbox 154 3535 226 3593; x_wconf 88' lang='lat' dir='ltr'><strong>vicis</strong></span> <span class='ocrx_word' id='word_1_272' title='bbox 247 3534 440 3612; x_wconf 90' lang='lat' dir='ltr'><strong>aedificiisque</strong></span> <span class='ocrx_word' id='word_1_273' title='bbox 461 3535 587 3594; x_wconf 90' lang='lat' dir='ltr'><strong>incensis</strong></span> <span class='ocrx_word' id='word_1_274' title='bbox 605 3536 811 3614; x_wconf 84' lang='lat' dir='ltr'><strong>frumentisque</strong></span> <span class='ocrx_word' id='word_1_275' title='bbox 832 3539 950 3598; x_wconf 89' lang='lat' dir='ltr'><strong>succisis</strong></span> <span class='ocrx_word' id='word_1_276' title='bbox 970 3558 1001 3600; x_wconf 92' lang='lat' dir='ltr'><strong>se</strong></span> <span class='ocrx_word' id='word_1_277' title='bbox 1022 3543 1052 3600; x_wconf 91' lang='lat' dir='ltr'><strong>in</strong></span> <span class='ocrx_word' id='word_1_278' title='bbox 1072 3543 1144 3603; x_wconf 90' lang='lat' dir='ltr'><strong>fines</strong></span> 
     </span>
    </p>
   </div>
   <div class='ocr_carea' id='block_1_3' title="bbox 0 0 1332 3914">
    <p class='ocr_par' dir='ltr' id='par_1_4' title="bbox 0 0 1332 3914">
     <span class='ocr_line' id='line_1_35' title="bbox 0 0 1332 3914; baseline 0 0"><span class='ocrx_word' id='word_1_279' title='bbox 0 0 1332 3914; x_wconf 95' lang='lat' dir='ltr'><strong> </strong></span> 
     </span>
    </p>
   </div>
  </div>
 </body>
</html>
