2606 3934
126 249 263 318 43-44.
365 243 411 291 DE
432 243 542 292 BELLO
564 243 712 292 cantico
735 241 844 291 coMttt.
867 241 891 294 I.
1074 242 1113 310 27

127 393 300 470 stipendium
322 412 425 470 capere
444 393 505 452 iure
524 393 600 463 belli,
619 392 700 469 quod
719 392 841 452 victores
861 391 942 450 vietis
965 389 1116 467 imponere

128 491 299 550 consuerint.
349 489 420 548 Non
448 509 511 548 sese
536 489 636 561 Gallis,
662 490 712 548 sed
737 489 837 548 Gallos
865 489 919 547 sibi
943 489 1050 547 bellum
1073 489 1116 546 in-

128 588 242 648 tulisse:
264 605 367 647 omnes
384 587 494 646 Galliae
510 587 635 646 civitates
654 587 692 644 ad
706 604 737 644 se
755 586 986 662 oppugnandum
1004 585 1117 643 venisse

68 731 70 736 .
128 703 161 743 ac
179 695 282 743 contra
303 703 334 743 se
358 695 451 743 castra
474 685 627 756 habuisse3
649 702 699 742 eas
723 701 826 742 omnes
849 684 948 758 copias
970 702 987 741 a
1006 701 1037 742 se
1057 701 1117 741 uno

127 783 235 858 proelio
270 784 369 858 pulsas
404 801 438 841 ac
472 793 620 858 superatas
655 799 727 840 esse.
794 780 825 838 Si
858 781 961 838 iterum
995 781 1144 856 experiris

119 872 220 951 uelint,
235 898 266 938 se
286 881 389 938 iterum
409 890 541 956 paratum
560 897 624 938 esse
645 879 807 949 decertare;
830 878 855 936 si
873 896 946 954 pace
964 879 1005 936 uti
1022 877 1116 948 velint,

126 977 256 1053 iniquum
285 995 348 1037 esse
376 978 412 1036 de
441 977 586 1053 stipendio
613 995 753 1044 recusare,
782 975 862 1051 quod
890 994 941 1035 sua
972 963 1118 1034 uoluntate

127 1075 164 1132 ad
194 1074 224 1132 id
256 1082 371 1150 tempus
404 1075 602 1150 pependerint.
658 1073 823 1132 Amicitiam
857 1073 957 1149 populi
992 1073 1120 1132 Romani

127 1171 180 1228 sibi
213 1181 385 1229 ornamento
414 1180 442 1229 et
469 1171 621 1246 praesidi0,
650 1189 711 1228 non
739 1171 911 1230 detrimento
935 1185 1003 1229 ‘esse
1031 1188 1118 1246 opor·
1150 1169 1156 1218 ἰ

127 1278 194 1339 tere,
214 1269 301 1344 idque
322 1287 353 1326 se
374 1287 409 1327 ea
429 1287 480 1344 spe
501 1268 614 1344 petisse.
658 1267 689 1326 Si
708 1287 761 1344 per
784 1267 926 1344 populum
950 1267 1118 1326 Romanum
1134 1293 1163 1330 10

128 1365 303 1440 stipendium
325 1366 483 1424 remittatur
507 1375 535 1424 et
560 1366 684 1428 dediticii
708 1365 918 1436 subtrahantur,
941 1382 1002 1423 non
1023 1365 1118 1422 minus

126 1462 247 1521 libenter
271 1481 334 1522 sese
356 1473 553 1522 recusaturum
575 1463 674 1538 populi
697 1463 824 1522 Romani
846 1463 1008 1543 amicitiam¹
1030 1480 1118 1537 quam

127 1561 285 1636 appetierit.
339 1559 429 1632 Quod
456 1561 667 1619 multitudinem
695 1560 908 1620 Germanorum
936 1561 967 1618 in
995 1559 1118 1618 Galliam

36 1713 38 1718 .
126 1657 264 1729 traducat,
279 1657 308 1716 id
323 1676 354 1716 se
369 1659 412 1716 sui
426 1659 584 1730 muniendi,
598 1677 659 1716 non
678 1658 788 1718 Galliae
802 1659 1017 1736 impugnandae
1032 1675 1119 1716 causa

127 1756 238 1814 facere:
267 1756 328 1814 eius
352 1756 393 1814 rei
417 1756 614 1816 testimonium
639 1775 711 1827 esse,
736 1757 817 1832 quod
841 1757 897 1815 nisi
920 1766 1037 1832 rogatus
1058 1773 1119 1814 non
1134 1777 1161 1826 15

126 1854 242 1924 venerit,
268 1862 297 1911 et
321 1854 401 1930 quod
427 1853 535 1910 bellum
561 1870 622 1912 non
645 1855 776 1924 intulerit,
799 1855 851 1913 sed
872 1853 1039 1912 defenderit.
1082 1851 1119 1910 Se

126 1952 205 2028 prius
225 1951 255 2008 iu
270 1949 395 2009 Galliam
415 1951 528 2008 venisse
547 1968 635 2026 quam
652 1953 793 2027 populum
809 1951 985 2010 Romanum.
1027 1949 1120 2008 Num·

126 2065 216 2124 quam
241 2057 307 2105 ante
330 2046 389 2105 hoc
412 2056 527 2122 tempus
552 2048 708 2106 exercitum
731 2049 831 2124 populi
855 2049 982 2107 Romani
1010 2047 1120 2106 Galliae

125 2129 292 2224 prouinciae
316 2145 389 2202 fines
414 2163 572 2220 egressum.
615 2144 694 2216 Quid
719 2147 773 2204 sibi
795 2147 897 2205 vellet?
925 2165 976 2206 cur
999 2147 1030 2204 in
1053 2165 1119 2204 suas

125 2242 326 2319 possessiones
345 2241 472 2300 veniret?
513 2240 693 2299 Provinciam
713 2259 794 2299 suam
813 2243 888 2300 hanc
907 2261 971 2300 esse
986 2242 1118 2314 Galliam,
1133 2265 1163 2298 πο

126 2341 200 2398 sicut
224 2338 302 2396 illam
325 2348 462 2397 nostram.
504 2337 546 2396 Ut
569 2339 625 2414 ipsi
647 2339 770 2398 concedi
794 2357 855 2398 non
876 2350 1030 2416 oporteret,
1045 2341 1070 2400 si
1089 2341 1120 2399 in

126 2445 243 2494 nostros
258 2435 331 2494 fines
345 2435 485 2509 impetum
497 2433 611 2506 faceret,
624 2435 664 2493 sic
678 2437 746 2493 item
758 2454 812 2494 nos
827 2455 891 2496 esse
905 2438 1028 2514 iniquos,
1040 2439 1120 2514 quod

48 2542 56 2558 ·
126 2535 156 2592 in
168 2551 221 2592 suo
233 2533 293 2591 iure
308 2551 339 2592 se
353 2532 608 2607 interpellaremus·
643 2531 733 2604 Quod
744 2533 843 2592 fratres
858 2553 876 2592 a
890 2546 991 2594 senatu
1000 2535 1120 2595 Aeduos

86 2707 89 2713 Ι
126 2631 286 2710 appellatos
301 2629 416 2701 diceret,
427 2645 489 2687 nou
504 2647 535 2686 se
545 2638 605 2692 tam
615 2631 769 2688 barbarum
783 2650 877 2708 neque
886 2642 946 2690 tam
956 2632 1120 2708 imperitum

125 2746 190 2787 esse
209 2745 312 2799 rerum,
328 2736 359 2784 ut
380 2744 440 2784 non
462 2727 553 2796 sciret,
568 2745 662 2802 neque
679 2729 755 2786 bello
774 2729 966 2806 Allobrogum
985 2731 1119 2806 proximo
1133 2750 1162 2800 ²5

125 2826 246 2884 Aeduos
260 2823 403 2882 Romanis
419 2823 555 2882 auxilium
573 2825 670 2883 tulisse
685 2844 780 2902 neque
794 2827 873 2902 ipsos
892 2828 922 2884 in
936 2826 979 2886 his
999 2838 1120 2888 conteu-

125 2923 260 2994 tionibus,
285 2939 357 2996 quas
382 2919 477 2980 Aedui
502 2937 601 2978 secum
629 2931 658 2982 et
685 2941 752 2982 cum
778 2922 919 2998 Sequanis
943 2906 1118 2996 habuissent,

127 3015 232 3076 auxilio
245 3019 345 3096 populi
360 3017 486 3077 Romani
506 3035 576 3076 usos
591 3036 663 3078 esse.
704 3018 819 3078 Debere
834 3038 865 3078 se
880 3022 1017 3096 suspicari
1031 3023 1118 3080 simu-

125 3115 184 3173 lata
199 3113 351 3172 Caesarem
371 3113 504 3184 amicitia,
519 3115 599 3191 quod
613 3116 770 3174 exercitum
789 3118 819 3177 in
837 3117 930 3178 Gallia
948 3119 1060 3190 habeat,
1076 3121 1120 3178 sui

124 3211 309 3288 opprimendi
322 3229 409 3270 causa
422 3210 537 3269 habere.
580 3211 639 3286 Qui
658 3213 713 3270 nisi
728 3213 849 3274 decedat
863 3225 948 3290 atque
962 3216 1118 3276 exercitum
1131 3248 1162 3295 30

124 3310 251 3369 deducat
274 3327 316 3366 ex*
334 3309 378 3368 his
402 3309 577 3382 regionibus,
600 3327 663 3372 sese
688 3309 767 3370 illum
789 3329 850 3372 non
872 3329 926 3388 pro
948 3313 1052 3383 amico
1069 3317 1119 3387 sed

122 3411 209 3469 hoste
226 3408 397 3467 habiturum.
440 3405 555 3478 Quodsi
574 3426 641 3466 eum
660 3409 842 3479 interfecerit,
863 3410 958 3468 multis
981 3429 1044 3470 sese
1065 3431 1118 3472 no-

122 3507 229 3567 bilibus
244 3505 479 3584 priucipibusque
493 3504 593 3584 populi
611 3504 737 3565 Romani
751 3515 866 3586 gratum
881 3524 944 3586 esse
959 3507 1118 3584 facturums
