2634 3914
149 189 289 276 45-48.
378 205 423 251 nr
443 205 554 252 nstro
576 203 726 253 onrrrco
749 204 858 253 corun.
885 205 944 253 νη.
1077 209 1136 274 159

147 351 216 411 dato
249 353 335 429 signo
370 353 497 413 celeriter
528 353 566 412 ad
598 353 790 412 munitionem
817 353 987 429 perveniunt
1014 369 1136 428 eamque

145 451 316 526 transgressi
336 451 417 510 trinis
438 452 537 510 castris
558 453 721 528 potiuntur;
751 470 785 509 ac
806 461 885 508 tanta
905 450 958 508 fuit
982 452 1012 508 in
1036 451 1135 509 castris

146 547 295 624 capiendis
317 549 453 619 celeritas,
473 559 505 607 ut
522 548 723 618 Teutomatus,
741 567 792 606 rex
806 547 1019 623 Nitiobrogum,
1039 548 1135 606 subito

145 646 178 703 in
192 647 379 705 tabernaculo
393 665 558 724 oppressus
578 657 609 705 ut
623 647 741 706 meridie
759 646 970 722 conquieverat,
989 647 1134 722 superiore

145 744 276 820 corporis
286 753 366 820 parte
375 744 491 816 nudata,
500 745 648 804 vulnerato
657 763 734 821 equo
742 745 789 802 vix
801 762 831 802 se
843 763 878 803 ex
889 744 1023 802 manibus
1032 744 1134 820 praed·
1148 751 1162 801 5

144 844 255 901 antium
278 843 401 900 militum
422 843 551 918 eriperet.
594 849 645 905 47.
668 843 850 904 Consecutus
874 843 912 914 id,
934 843 1014 919 quod
1037 843 1135 901 animo

143 952 336 1019 proposuerat
351 941 466 1012 Caesar,
481 943 609 1019 receptui
624 944 688 1002 cani
702 944 790 1014 iussit,
800 942 981 1018 legionisque
995 942 1133 1013 decimae,

146 1057 273 1114 quacum
294 1047 363 1110 erat,
384 1039 570 1098 contionatus
591 1041 676 1116 signa
697 1041 852 1099 constituit.
894 1039 939 1098 Ac
960 1039 1133 1115 reliquarum

142 1137 293 1212 legionum
325 1137 429 1196 milites
459 1157 522 1196 non
549 1138 703 1198 exaudito·
718 1157 792 1196 sono
822 1138 917 1209 tubae,
951 1138 1031 1214 quod
1063 1139 1132 1198 satis

142 1252 252 1310 magna
286 1235 373 1293 valles
407 1235 612 1307 intercedebat,
647 1246 745 1294 tamen
780 1237 817 1294 ab
852 1235 972 1293 tribunis
1010 1235 1132 1294 militum
1149 1253 1177 1286 10

140 1332 312 1409 legatisque,
344 1344 376 1391 ut
409 1344 469 1392 erat
501 1352 519 1392 a
550 1333 674 1392 Caesare
706 1344 901 1411 praeceptum,
929 1334 1130 1392 retinebantur.

142 1427 202 1488 Sed
215 1430 281 1489 elati
299 1449 351 1507 spe
367 1431 467 1489 celeris
481 1431 614 1490 victoriae
634 1441 661 1490 et
675 1431 802 1491 hostium
816 1431 886 1507 suga
904 1440 932 1489 et
951 1431 1131 1507 superiorum

139 1537 306 1604 temporum
335 1529 469 1586 secundis
497 1509 613 1605 proeliis
640 1529 710 1587 nihil
738 1530 812 1587 adeo
839 1528 961 1586 arduum
989 1525 1043 1584 sibi
1067 1545 1130 1586 esse

139 1625 381 1696 existimaverunt,
412 1625 492 1700 quod
513 1644 574 1684 non
595 1627 696 1684 virtute
718 1627 858 1701 consequi
880 1634 1008 1701 possent,
1034 1642 1129 1700 neque

141 1723 231 1780 finem
251 1723 329 1798 prius
350 1723 491 1799 sequendi
505 1722 642 1795 fecerunt,
658 1742 745 1799 quam
764 1741 847 1782 muro
865 1722 964 1799 oppidi
983 1722 1129 1799 portisque
1146 1737 1173 1788 15

139 1822 413 1898 appropinquarunt.
456 1819 535 1878 Tum
568 1840 636 1880 vero
669 1840 705 1879 ex
732 1822 868 1880 omnibus
895 1820 973 1880 urbis
1000 1821 1130 1896 partibus

138 1928 205 1976 orto
224 1919 350 1976 clamore
372 1921 421 1994 qui
440 1919 555 1995 longius
577 1921 696 1978 aberant
716 1920 868 1995 repentino
882 1919 1005 1977 tumultu
1022 1932 1129 1996 perter-

137 2015 193 2086 riti,
222 2034 288 2074 cum
316 2015 429 2074 hostem
459 2018 531 2075 intra
560 2029 658 2093 portas
687 2035 750 2075 esse
775 2017 977 2088 existimarent,
1005 2037 1068 2078 sese
1092 2039 1129 2078 ex

137 2114 250 2188 oppido
269 2113 420 2174 eiecerunt.
462 2112 698 2172 Matresfamiliae
718 2113 753 2172 de
775 2131 859 2172 muro
879 2125 988 2174 vestem
1011 2127 1127 2192 argent·

137 2229 246 2286 umque
280 2211 424 2270 iactabant
457 2223 486 2270 et
520 2221 637 2288 pectore
677 2211 757 2270 nudo
798 2213 996 2288 prominentes
1035 2215 1128 2290 passis
1143 2226 1174 2263 20

137 2309 273 2366 manibus
307 2309 525 2368 obtestabantur
552 2309 713 2380 Romanos,
741 2318 773 2366 ut
801 2309 854 2367 sibi
881 2322 1032 2386 parcerent
1060 2330 1127 2383 neu,

137 2407 212 2466 sicut
241 2408 354 2466 Avarici
388 2409 531 2479 fecissent,
567 2426 604 2466 ne
639 2428 656 2467 a
690 2409 855 2468 mulieribus
890 2411 1007 2486 quidem
1038 2421 1125 2488 atque

137 2505 296 2564 infantibus
329 2506 523 2565 abstinerent:
565 2506 720 2564 nonnullae
753 2506 789 2564 de
820 2507 909 2565 muris
942 2525 994 2584 per
1024 2527 1128 2568 manus

138 2602 281 2662 demissae
317 2622 380 2662 sese
415 2604 552 2662 militibus
588 2603 746 2662 tradebant.
796 2603 830 2662 L.
848 2603 963 2677 Fabius,
1000 2608 1128 2664 centurio

137 2701 263 2775 legionis
282 2720 344 2773 vnr,
363 2719 451 2777 quem
470 2702 544 2758 inter
563 2718 632 2760 suos
650 2719 686 2759 eo
707 2701 753 2760 die
772 2701 878 2759 dixisse
898 2705 1058 2774 constabat,
1079 2723 1128 2762 err·
1142 2713 1171 2764 ²5

137 2799 217 2858 citari
245 2817 276 2858 se
303 2799 526 2857 Avaricensibus
554 2799 688 2874 praemiis
716 2815 810 2874 neque
838 2802 1069 2872 commissurum,
1097 2813 1128 2860 ut

136 2899 218 2976 prius
237 2896 391 2973 quisquam
409 2915 525 2954 murum
546 2897 721 2965 ascenderet,
743 2906 800 2954 tres
822 2915 891 2956 suos
912 2909 1014 2957 nactus
1035 2901 1127 2957 mani-

136 2995 253 3072 pulares
275 3004 360 3070 atque
381 2993 473 3053 ab'iis
495 2993 657 3053 sublevatus
677 3011 791 3050 murum
816 2996 964 3055 ascendit:
985 2995 1039 3056 hos
1064 2998 1127 3072 ipse

136 3110 237 3152 rursus
259 3091 387 3167 singulos
412 3101 568 3168 exceptans
595 3091 624 3148 in
644 3109 759 3148 murum
783 3093 889 3151 extulit.
930 3098 984 3152 48.
1006 3094 1125 3153 Interim

135 3193 164 3262 ii,
183 3190 232 3267 qui
251 3190 289 3248 ad
307 3190 426 3248 alteram
445 3200 557 3266 partem
574 3189 682 3264 oppidi,
701 3199 732 3246 ut
751 3207 837 3266 supra
856 3191 1122 3263 demonstravimus,
1138 3212 1170 3259 30

137 3288 307 3346 munitionis
327 3305 414 3345 causa
428 3295 630 3356 convenerant,
644 3286 738 3362 primo
758 3287 894 3344 exaudito
908 3287 1042 3359 clamore,
1056 3290 1123 3347 inde

136 3387 225 3444 etiam
249 3384 356 3443 crebris
380 3385 487 3442 nuntiis
511 3384 626 3454 incitati,
651 3383 792 3459 oppidum
816 3402 834 3442 a
858 3383 1122 3458 Romanisteneri,

139 3482 305 3559 praemissis
339 3482 482 3557 equitibus
517 3498 625 3558 magno
659 3497 802 3540 concursu
834 3497 870 3540 eo
905 3484 1122 3544 contenderunt.
