2606 3934
119 213 255 284 49-53,
349 211 417 258 ‘DE
436 209 545 258 antro
569 208 719 258 eurardo
741 209 850 258 COMM.
873 209 897 258 I.
983 275 985 280 .
1062 212 1101 277 31

119 361 277 418 minoribus
314 358 469 430 constituit,
511 357 592 434 quod
632 357 727 416 minus
768 349 947 416 multitudine
981 353 1103 412 militum

120 457 343 532 legionariorum
361 475 415 533 pro
436 457 564 514 hostium
586 472 708 513 numero
732 453 852 526 valebat,
871 465 903 512 ut
922 454 959 512 ad
976 453 1103 530 speeiem

120 553 210 611 alariis
227 563 367 625 uteretur3
390 553 452 628 ipse
471 552 573 629 triplici
592 551 730 609 instructa
752 552 813 610 acie
838 569 929 627 usque
951 550 988 607 ad
1011 559 1105 608 castra

120 651 245 710 hostium
267 652 395 710 accessit.
438 651 517 708 Turn
539 650 656 707 demum
680 650 843 706 necessario
872 647 1011 708 Germani
1039 662 1105 704 suas

121 749 218 824 copias
240 749 339 807 eastris
365 748 524 808 eduxerunt
551 747 768 823 generatimque
796 747 1004 805 constituerunt
1030 745 1133 820 pari-5

121 847 232 922 busque
245 845 406 916 intervallis,
422 845 567 914 HamdeS,
586 843 802 914 Marcomanos
824 844 975 923 Triboces‚
997 842 1106 917 Vangi-

122 962 201 1014 ones,
224 943 373 1014 Nemetes,
398 942 545 1011 Sedusios‚
566 941 687 1011 SueboS,
708 959 884 1016 omnemque
909 941 1001 998 aciem
1026 957 1107 997 suam

121 1042 197 1100 redis
219 1050 248 1098 et
270 1042 358 1100 carris
381 1038 638 1108 circumdederunt,
654 1057 690 1097 ne
716 1057 773 1115 qua
795 1057 862 1115 spes
883 1039 913 1097 in
935 1038 1004 1114 fuga
1024 1038 1108 1096 relin-

123 1148 264 1215 queretur.
319 1137 369 1196 Eo
398 1138 532 1196 mulieres
562 1137 769 1212 imposuemnt,
797 1153 872 1212 quae
905 1137 935 1194 in
967 1137 1109 1213 proelium

123 1236 337 1312 proficiscentes
358 1235 451 1311 passis
472 1234 606 1292 manibus
628 1233 730 1292 flentes
751 1233 952 1309 implorabant,
970 1252 1008 1292 ne
1030 1253 1061 1292 se
1081 1235 1110 1290 in
1125 1253 1155 1288 ιο

124 1334 287 1392 servitutem
298 1333 440 1391 Romanis
451 1333 603 1390 traderent.
636 1338 686 1390 52.
702 1330 810 1390 Caesar
821 1331 940 1407 singulis
949 1331 1111 1406 legionibus

125 1431 255 1506 singulos
268 1432 379 1507 legatos
398 1439 428 1488 et
450 1439 632 1504 quaestorem
650 1429 795 1505 praefecit,
809 1429 849 1486 uti
869 1447 920 1487 eos
941 1439 1028 1487 testes
1043 1447 1112 1486 suae

125 1529 246 1604 quisque
267 1529 375 1586 virtutis
397 1527 531 1598 haberet;
560 1526 622 1601 ipse
651 1545 668 1584 a
696 1527 796 1585 dextro
819 1545 917 1596 cornu,
940 1526 1020 1602 quod
1047 1545 1113 1584 earn

125 1635 236 1702 partem
246 1625 365 1682 minime
377 1625 490 1682 firmam
501 1623 628 1680 hostium
640 1641 704 1682 esse
715 1624 961 1697 animadverterat,
972 1624 1113 1700 proelium

126 1719 277 1778 commisit.
319 1717 365 1776 Ita
384 1719 475 1776 nostri
493 1717 594 1775 acriter
611 1717 642 1774 in
660 1717 760 1776 hostes
780 1719 865 1792 signo
885 1717 952 1776 dato
973 1719 1113 1794 impetum
1128 1738 1156 1787 15

126 1815 263 1886 fecerunt,
291 1815 387 1890 itaque
415 1815 514 1873 hostes
546 1823 664 1888 repente
692 1815 875 1891 celeriterque
902 1827 1113 1890 procurrerunt,

126 1923 158 1972 ut
173 1914 300 1989 spatium
320 1914 378 1988 pila
394 1913 424 1970 in
445 1913 543 1970 hostes
562 1912 724 1970 coniciendi
745 1931 805 1970 non
826 1913 947 1971 daretur.
990 1913 1114 1972 Reiectis

127 2011 192 2086 pilis
206 2010 369 2068 comminus
384 2009 486 2084 gladiis
500 1997 660 2085 pugnatum
680 2019 732 2068 est.
773 2011 813 2068 At
833 2009 971 2068 Germani
989 2012 1115 2069 celeriter

128 2127 165 2166 ex
193 2105 402 2165 consuetudine
429 2125 481 2164 sua
509 2106 652 2181 phalange
686 2107 762 2165 facta
795 2108 920 2182 impetus
956 2108 1115 2182 gladiorum

128 2212 312 2280 exceperunt.
369 2203 488 2278 Reperti
523 2213 589 2261 sunt
623 2204 785 2280 complures
813 2205 902 2262 nostri
929 2205 1040 2274 milites
1068 2206 1116 2281 qui
1130 2225 1160 2259 20
1232 2277 1233 2280 Ἴ

127 2304 158 2360 in
186 2301 346 2378 phalangas
374 2300 512 2358 insilirent
540 2310 568 2358 et
601 2310 681 2359 scuta
708 2302 840 2359 manibus
872 2303 1038 2361 revellerent
1077 2300 1117 2382 [et

129 2400 253 2475 desuper
274 2394 476 2477 vulnerarent}
519 2397 595 2456 Cum
615 2391 742 2456 hostium
763 2400 839 2458 acies
859 2418 877 2458 a
897 2400 1011 2459 sinistro
1026 2420 1118 2460 cornu

129 2498 212 2574 pulsa
244 2505 330 2571 atque
362 2495 393 2552 in
427 2495 526 2570 fugam
561 2514 699 2554 conversa
732 2506 816 2567 esset,
845 2515 862 2554 a
894 2497 995 2557 dextro
1027 2519 1119 2558 cornu

129 2595 316 2652 vehementer
336 2592 516 2651 multitudine
541 2611 658 2652 suorum
679 2603 808 2652 nostram
828 2595 920 2652 aciem
940 2598 1118 2670 premebant.

130 2691 168 2751 Id
195 2709 262 2750 curn
291 2689 539 2749 animadvertisset
566 2691 682 2749 Publius
711 2690 831 2750 Crassus
862 2692 1042 2765 adulescens,
1070 2697 1119 2770 qui
1132 2720 1161 2769 ²5

131 2789 269 2867 equitatui
291 2797 430 2862 praeerat,
452 2788 532 2864 quod
553 2787 712 2864 expeditior
736 2798 796 2847 erat
821 2808 908 2866 quarn
928 2790 955 2861 ii,
977 2792 1026 2868 qui
1047 2793 1120 2850 inter

134 2890 228 2947 aciem
248 2885 441 2958 versabantur,
462 2887 574 2944 tertiam
599 2887 690 2945 aciem
709 2886 905 2947 laborantibus
926 2891 1033 2948 nostris
1053 2894 1120 2950 sub-

92 3057 97 3062 ,
133 2985 207 3045 sidio
228 2984 312 3042 misit.
358 2989 409 3042 53.
438 2982 484 3040 Ita
504 2984 644 3058 proelium
664 2984 825 3042 restitutum
845 2996 896 3055 est,
911 2995 997 3062 atque
1018 3005 1120 3046 omnes

133 3081 233 3140 hostes
252 3091 332 3156 terga
351 3089 494 3138 verterunt
514 3099 608 3156 neque
629 3081 708 3156 prius
722 3081 821 3156 fugere
842 3082 1018 3154 destiterunt,
1034 3103 1121 3160 quam

133 3177 173 3236 ad
200 3177 308 3236 flumen
336 3179 473 3236 Rhenum
500 3178 578 3236 milia
605 3197 744 3254 passuum
778 3197 815 3236 ex
842 3197 878 3237 eo
910 3179 976 3238 loco
1012 3183 1121 3242 circiter
1134 3209 1166 3258 30
1237 3181 1243 3186 “

133 3276 262 3352 quinque
276 3284 474 3350 pervenerunt.
517 3274 563 3332 Ibi
573 3277 711 3350 perpauci
722 3285 771 3333 aut
781 3277 887 3334 viribus
898 3277 1000 3335 confisi
1010 3289 1121 3339 tranare

133 3372 347 3432 contenderunt
361 3382 409 3430 aut
422 3373 552 3430 lintribus
566 3373 687 3430 inventis
703 3374 756 3431 sibi
776 3374 896 3432 salutem
917 3389 1120 3452 reppererunt3

132 3473 164 3532 in
186 3471 231 3530 his
257 3470 309 3530 fuit
332 3471 501 3544 Ariovistus,
523 3471 572 3548 qui
599 3471 760 3529 naviculam
785 3471 938 3548 deligatam
965 3474 1003 3533 ad
1029 3477 1121 3556 ripam
1180 3459 1181 3462 Ἴ
