2634 3914
149 215 283 280 19-20.
371 213 417 259 DE
438 213 548 260 BELLO
572 212 722 260 GALLICO
746 213 854 262 COMM.
881 215 940 264 VII.
1078 214 1148 294 ΜὸΔ

146 361 207 420 sine
222 362 341 422 consilio
361 365 491 424 accidere
512 365 656 441 potuisse;
681 384 802 441 regnum
823 366 900 424 illum
922 365 1032 424 Galliae
1051 366 1136 426 malle

145 459 277 519 Caesaris
288 479 430 521 concessu
445 481 532 540 quam
546 464 675 538 ipsorum
690 463 794 532 habere
805 463 1036 522 beneficio—tali
1046 464 1136 522 modo

144 567 296 618 aecusatus
318 559 355 617 ad
375 559 447 618 haec
468 561 633 636 respondit:
660 560 750 632 Quod
764 570 857 620 castra
870 561 1014 631 movisset,
1028 561 1136 620 factum

144 655 242 731 inopia
256 656 353 730 pabuli
367 658 453 715 etiam
467 658 535 732 ipsis
549 658 745 716 hortantibus:
765 659 843 734 quod
853 658 972 734 propius
983 657 1135 716 Romanos

144 755 319 825 accessisset,
348 773 518 831 persuasum
552 756 608 814 loci
644 757 866 833 opportunitate,
895 757 944 832 qui
979 774 1010 815 se
1039 757 1161 832 ipsnms

143 853 302 911 munitione
330 854 517 912 defenderet:
540 855 668 930 equitum
688 873 755 913 vero
775 873 894 930 operam
914 873 1008 932 neque
1022 854 1052 912 in
1068 855 1135 914 loco

143 950 261 1025 palustri
286 951 440 1010 desiderari
465 952 599 1010 debuisse
622 962 651 1010 et
675 953 731 1010 illic
755 951 843 1010 fuisse
866 953 973 1023 utilem,
997 971 1056 1029 quo
1079 954 1135 1015 sint

143 1045 271 1120 profecti.
301 1045 465 1106 'Summam
491 1049 602 1124 imperii
627 1067 658 1108 se
683 1049 816 1106 consulto
840 1048 909 1114 nulli
938 1047 1135 1106 discedentem

143 1143 302 1214 tradidisse,
315 1163 351 1202 ne
366 1145 390 1202 is
403 1145 592 1204 multitudinis
607 1146 701 1204 studio
717 1145 754 1203 ad
768 1145 963 1203 dimicandum
977 1145 1134 1220 impellere·

142 1249 195 1310 tur,
217 1242 263 1298 cui
277 1241 318 1298 rei
338 1253 456 1317 propter
477 1244 565 1302 animi
586 1243 734 1302 mollitiem
756 1244 869 1302 studere
890 1261 993 1301 omnes
1018 1243 1132 1312 videret,
1150 1259 1178 1292 10

142 1337 222 1413 quod
243 1339 348 1397 diutius
371 1340 500 1398 laborem
523 1340 596 1398 ferre
618 1360 680 1399 non
701 1351 827 1418 possent.
871 1340 998 1398 Romani
1019 1340 1042 1398 si
1063 1357 1133 1398 casu

141 1436 351 1508 intervenerint,
367 1436 506 1508 fortunae,
521 1439 545 1496 si
562 1439 681 1496 alicuius
701 1438 807 1497 indicio
824 1438 925 1508 vocati,
940 1437 1006 1494 huic
1023 1436 1132 1496 haben-

143 1533 211 1590 dam
232 1535 360 1610 gratiam,
377 1533 456 1611 quod
477 1545 505 1594 et
526 1537 700 1611 paucitatem
722 1553 822 1594 eorum
843 1555 878 1594 ex
899 1535 965 1593 loco
987 1535 1132 1611 superiore

142 1648 319 1706 cognoscere
347 1642 376 1690 et
397 1633 529 1691 virtutem
558 1634 705 1708 despicere
733 1635 886 1709 potuerint,
916 1633 966 1708 qui
996 1633 1131 1690 dimicare

141 1745 202 1786 non
224 1729 284 1788 ausi
306 1731 423 1805 turpiter
444 1749 474 1788 se
495 1731 525 1788 in
544 1741 637 1789 eastra
658 1732 824 1807 receperint.
867 1730 1025 1806 Imperium
1045 1749 1075 1788 se
1095 1732 1131 1789 ab
1148 1750 1176 1800 15

142 1823 266 1884 Caesare
290 1845 342 1902 per
365 1827 566 1903 proditionem¹
588 1817 697 1886 nulluin
723 1829 893 1899 desiderare,
919 1828 998 1904 quod
1025 1827 1145 1892 habere,

139 1923 258 1982 victoria
282 1933 388 1999 posset,
414 1943 489 2000 quae
516 1927 574 1983 iarn
599 1936 674 1984 esset
699 1927 753 1984 sibi
776 1937 861 2002 atque
883 1927 1017 1984 omnibus
1042 1925 1132 1984 Gallis

139 2021 303 2096 explorata:
325 2023 395 2098 quin
414 2023 500 2080 etiam
519 2023 589 2097 ipsis
609 2025 760 2094 remittere,
777 2024 801 2081 si
816 2024 869 2082 sibi
884 2023 976 2098 magis
990 2023 1131 2080 honorem

139 2119 270 2189 tribuere,
286 2137 373 2194 quam
392 2121 429 2178 ab
447 2138 478 2178 se
498 2120 619 2180 salutem
639 2122 768 2196 aocipere
786 2121 942 2178 videantur.
985 2119 1086 2178 ‘Haec
1100 2128 1132 2176 ut

138 2215 326 2292 intellegatis,'
352 2217 452 2292 inquit,
478 2221 510 2274 ‘a
534 2235 581 2274 me
607 2218 715 2275 sincere
740 2218 926 2293 pronuntiari,
950 2218 1046 2276 audite
1069 2216 1130 2276 Ro·
1145 2248 1175 2282 20

137 2331 242 2370 manos
257 2315 377 2374 milites!
419 2315 555 2372 Producit
575 2333 680 2386 servos,
695 2333 769 2390 quos
787 2315 817 2372 in
831 2315 1015 2390 pabulatione
1030 2315 1130 2390 paucis

138 2420 206 2468 ante
233 2411 334 2469 diebus
361 2423 514 2488 exceperat
542 2422 570 2470 et
600 2411 676 2470 fame
704 2412 881 2486 vinculisque
910 2412 1129 2470 excruciaverat.

138 2507 180 2565 Hi
201 2509 259 2566 iam
280 2518 346 2566 ante
367 2509 470 2580 edocti,
492 2527 566 2584 quae
589 2509 755 2584 interrogati
777 2511 1003 2584 pronuntiarent,
1025 2509 1129 2568 milites

138 2625 169 2665 se
195 2625 259 2664 esse
283 2607 457 2685 legionarios
481 2607 597 2680 dicunt;
624 2607 700 2664 fame
723 2616 752 2664 et
775 2608 874 2684 inopia
888 2607 1028 2666 adductos
1053 2607 1129 2666 clam

137 2721 174 2760 ex
199 2705 298 2762 castris
322 2705 424 2774 exisse,
441 2705 464 2770 si
488 2705 557 2779 quid
582 2705 716 2762 frumenti
737 2715 785 2762 aut
806 2705 918 2780 pecoris
940 2705 970 2762 in
990 2706 1065 2780 agris
1086 2724 1129 2763 re·
1144 2729 1172 2778 25

136 2801 228 2876 perire
249 2811 387 2876 possent:
409 2801 492 2860 simili
513 2819 631 2859 omnem
652 2803 808 2860 exercitum
829 2803 929 2878 inopia
953 2802 1054 2877 premi,
1074 2820 1129 2860 nec

135 2900 195 2956 iam
209 2899 282 2956 vires
294 2899 423 2958 sufficere
437 2899 608 2973 cuiusquam
622 2919 676 2957 nec
692 2899 763 2957 ferre
775 2901 871 2976 operis
885 2900 1014 2957 laborem
1028 2918 1127 2975 posse:

135 2997 233 3072 itaque
248 2997 380 3054 statuisse
394 2997 606 3072 imperatorem,
622 2998 645 3054 si
662 2997 732 3054 nihil
746 2997 776 3054 in
795 2998 1011 3072 oppugnatione
1028 2997 1129 3073 oppidi

135 3092 335 3168 profecissent,
365 3093 458 3152 triduo
487 3094 642 3152 exercitum
676 3087 826 3152 deducere.
880 3092 999 3166 ‘Haec,'
1027 3077 1128 3171 inquit,

135 3197 170 3250 ‘a
194 3191 259 3262 me,’
274 3191 502 3266 Vercingetorix,
525 3192 680 3250 ‘beneficia
700 3191 821 3263 habetis,
845 3211 932 3269 quem
956 3193 1127 3268 proditionis
1141 3223 1172 3270 30

85 3337 88 3340 .
133 3289 319 3359 insimulatis;
350 3291 430 3354 cuius
459 3307 547 3364 opera
575 3289 636 3346 sine
656 3298 750 3346 vestro
780 3291 920 3364 sanguine
943 3300 1052 3347 tantum
1078 3308 1127 3347 ex-

133 3387 255 3446 ercitum
274 3388 413 3444 victorem
434 3386 510 3446 fame
532 3396 737 3463 consumptum
757 3387 874 3460 videtis;
900 3407 988 3464 quem
1009 3388 1129 3464 turpiter

132 3502 164 3542 se
186 3503 223 3542 ex
244 3483 312 3560 fuga
328 3483 514 3560 recipientem
535 3503 572 3542 ne
594 3503 652 3560 qua
673 3484 771 3542 civitas
793 3486 851 3544 suis
873 3468 977 3544 linibus
1000 3485 1126 3566 recipiat,

617 3597 636 3639 a
