2606 3934
141 242 275 326 16—19.
363 258 409 305 nn
430 259 539 306 sarno
563 209 710 308 erarico
733 259 843 308 eorum
866 261 921 310 rrr.
972 252 974 258 ’
1084 264 1126 328 59

140 405 264 476 Gallum,
287 425 322 464 ex
347 407 389 479 iis,
415 426 489 484 quos
513 409 610 466 auxilii
634 427 721 467 causa
749 427 847 468 secum
873 408 1007 466 habebat.
1049 404 1127 464 Huic

139 503 253 578 magnis
267 505 401 578 praemiis
421 506 730 582 pollicitationibusque
744 507 905 582 persuadet,
919 506 960 562 uti
978 505 1015 564 ad
1028 503 1127 561 hostes

139 611 272 671 transeat,
288 611 324 672 et,
339 603 409 678 quid
427 603 487 661 fieri
505 605 579 676 velit,
594 605 705 663 edocet.
749 603 808 676 Qui
825 605 875 663 ubi
889 623 942 680 pro
956 603 1077 680 perfuga
1090 600 1128 659 ad

141 717 191 756 eos
212 700 297 771 venit,
316 699 450 758 timorem
471 701 673 760 Romanorum
694 703 838 778 proponit,
858 702 961 778 quibus
989 699 1127 776 angustiis

139 795 202 870 ipse
217 795 324 854 Caesar
338 815 356 856 a
373 797 494 857 Venetis
507 810 660 875 prematur,
675 800 767 870 docet,
781 818 876 876 neque
889 799 1004 874 longius
1019 799 1128 868 abesse,
1142 803 1155 854 5

141 895 210 969 quin
224 895 356 970 proxima
369 907 454 954 nocte
469 896 592 954 Sabinus
607 897 681 956 clam
696 915 732 956 ex
746 898 845 955 castris
859 897 1015 955 exercitum
1027 895 1130 954 educat

141 1002 169 1050 et
193 993 231 1050 ad
255 991 411 1052 Caesarem
435 995 531 1052 auxilii
552 994 661 1052 ferendi
683 1013 770 1052 causa
794 995 998 1070 proficiscatur.
1040 991 1130 1064 Quod

140 1091 190 1147 ubi
205 1090 334 1148 auditum
348 1101 400 1163 est,
415 1092 598 1150 conclamant
618 1110 721 1151 omnes
735 1093 920 1151 occasionem
934 1091 1042 1166 negotii
1054 1092 1130 1148 bene

142 1189 261 1263 gerendi
280 1190 467 1249 amittendam
486 1209 546 1248 non
561 1209 640 1248 esse:
662 1190 700 1248 ad
716 1200 810 1248 castra
824 1190 856 1248 iri
870 1200 1011 1266 oportere.
1053 1187 1130 1246 Mul·

141 1297 187 1344 tae
210 1305 256 1345 res
286 1287 324 1345 ad
347 1287 403 1346 hoc
427 1288 579 1346 consilium
600 1287 701 1346 Gallos
721 1287 922 1345 hortabantur:
950 1285 1130 1362 superiorum
1145 1309 1175 1343 10

142 1386 254 1443 dierum
269 1385 367 1442 Sabini
381 1387 533 1455 cunctati0,
547 1385 685 1462 perfugae
699 1385 888 1456 confirmatio,
899 1385 997 1460 inopia
1011 1385 1131 1442 cibario·

142 1500 215 1552 rum,
241 1483 286 1541 cui
310 1483 351 1540 rei
374 1501 476 1558 parum
501 1483 650 1558 diligenter
677 1483 714 1540 ab
741 1483 775 1540 iis
796 1492 857 1540 erat
884 1483 1038 1558 provisum,
1063 1497 1131 1558 spes

142 1580 274 1639 Venetici
294 1579 360 1638 belli
380 1589 408 1638 et
425 1580 505 1657 quod
521 1580 580 1638 fere
597 1581 717 1638 libenter
730 1580 867 1638 homines
877 1580 914 1651 id,
930 1580 1010 1656 quod
1022 1579 1130 1650 volunt,

142 1679 270 1738 eredunt.
301 1679 358 1736 His
369 1680 454 1736 rebus
465 1679 581 1737 adducti
591 1697 652 1736 non
660 1679 739 1755 prius
747 1677 941 1736 Viridovicem
949 1677 1131 1753 reliquosque

143 1777 231 1836 duces
245 1797 281 1836 ex
295 1777 416 1835 consilio
432 1776 584 1846 dimittunt,
596 1793 685 1852 quarn
699 1777 735 1833 ab
749 1775 794 1833 his
808 1775 843 1833 sit
853 1760 1038 1846 concessum,
1052 1793 1133 1832 arma
1148 1801 1156 1833 r
1161 1799 1174 1848 5

142 1877 183 1935 uti
198 1877 313 1951 capiant
324 1884 352 1933 et
366 1875 404 1933 ad
418 1884 511 1932 castra
521 1873 706 1932 contendant.
749 1873 816 1944 Qua
826 1891 857 1932 re
868 1891 1006 1931 concessa
1015 1873 1089 1943 laeti,
1101 1881 1131 1930 ut

143 1975 291 2050 explorata
303 1972 429 2042 victoria,
444 1971 792 2047 sarmentisvirgultisque
806 1971 941 2042 collectis,
956 1971 1059 2046 quibus
1074 1970 1131 2028 fos·

144 2089 192 2130 sas
211 2070 413 2128 Romanorum
432 2068 604 2143 compleant,
623 2068 661 2126 ad
680 2079 773 2127 castra
788 2078 919 2144 pergunt.
962 2075 1012 2127 19.
1034 2067 1131 2126 Locus

144 2178 204 2228 erat
213 2177 373 2226 castrorum
383 2165 476 2224 editus
487 2173 515 2222 et
525 2165 662 2240 paulatim
671 2167 708 2222 ab
718 2165 778 2222 imo
787 2165 899 2223 acclivis
910 2165 1019 2223 circiter
1029 2183 1131 2240 passus

143 2266 229 2324 mille.
271 2263 340 2322 Huc
359 2281 467 2338 magno
487 2281 572 2322 cursu
590 2263 808 2335 contenderunt,
828 2273 860 2320 ut
878 2281 966 2339 quam
981 2263 1132 2320 minimum
1148 2287 1177 2320 20

144 2365 227 2440 spatii
256 2363 293 2422 ad
327 2381 358 2422 se
386 2362 564 2438 colligendos
592 2361 804 2437 armandosque
835 2360 977 2419 Romanis
1010 2360 1132 2432 daretur,

144 2461 356 2536 exanimatique
377 2467 575 2535 pervenerunt.
618 2458 740 2516 Sabinus
760 2477 828 2517 suos
846 2459 975 2517 hortatus
995 2459 1134 2534 cupienti·
1238 2503 1245 2518 .

144 2562 198 2619 bus
233 2559 349 2634 signum
384 2557 441 2615 dat.
483 2556 633 2632 Impeditis
667 2556 799 2614 hostibus
833 2567 951 2632 propter
985 2575 1028 2627 ea,
1060 2575 1134 2632 quae

144 2659 283 2729 ferebant,
303 2673 392 2714 onera
411 2654 505 2712 subito
525 2654 635 2712 duabus
655 2655 744 2729 portis
765 2655 945 2729 eruptionem
966 2655 1027 2712 fieri
1047 2655 1134 2714 iubet.

144 2757 266 2814 Factum
285 2762 328 2811 est
347 2751 560 2828 opportunitate
579 2751 643 2819 loci,
663 2751 790 2809 hostium
810 2751 959 2810 inscientia
979 2770 1013 2810 ac
1035 2752 1134 2810 defeti—
1148 2777 1177 2828 25

145 2854 271 2929 gatione,
280 2852 381 2908 virtute
391 2849 512 2906 militum
523 2858 551 2906 et
562 2849 742 2924 superiorum
750 2867 913 2924 pugnarum
922 2849 1134 2922 exercitatione,

145 2962 177 3008 ut
199 2967 236 3007 ne
258 2967 349 3006 unum
370 2947 487 3023 quidem
510 2936 675 3004 nostrorum
697 2947 837 3022 impetum
857 2945 963 3004 ferrent
984 2964 1018 3004 ac
1040 2947 1135 3005 statim

146 3057 227 3123 terga
253 3055 402 3103 verterent.
458 3043 542 3114 Quos
570 3044 725 3119 impeditos
753 3044 871 3119 integris
899 3044 1003 3101 viribus
1030 3043 1134 3102 milites
1215 3107 1220 3118 ,

145 3141 237 3199 nostri
256 3139 403 3198 consecuti
422 3155 561 3213 magnum
580 3155 733 3195 numerum
752 3155 853 3195 eorum
867 3137 1048 3208 occiderunt;
1070 3137 1134 3194 reli·

146 3257 221 3315 quos
255 3238 365 3313 equites
398 3236 554 3294 consectati
586 3253 705 3310 paucos
734 3235 783 3310 qui
814 3253 850 3292 ex
878 3233 947 3309 fuga
977 3245 1133 3312 evaserant,
1148 3265 1179 3312 30

145 3336 329 3410 reliquerunt.
373 3331 419 3391 Sic
440 3351 500 3391 uno
521 3343 651 3408 tempore
672 3342 700 3390 et
721 3333 757 3390 de
778 3331 871 3389 navali
892 3348 991 3406 pugna
1012 3330 1134 3392 Sabinus

146 3442 175 3491 et
195 3433 232 3490 de
254 3431 352 3489 Sabini
373 3431 491 3488 victoria
512 3429 620 3488 Caesar
639 3429 742 3486 certior
763 3428 856 3486 factus
878 3437 929 3498 est,
950 3427 1134 3505 civitatesque

147 3547 249 3590 omnes
277 3547 308 3589 se
336 3529 432 3588 statim
459 3529 572 3588 Titurio
600 3527 777 3587 dediderunt.
832 3525 911 3585 Nam
937 3537 969 3586 ut
996 3528 1034 3588 ad
1060 3529 1135 3588 bella
