2634 3914
203 231 264 298 116
425 299 428 306 Δ
524 245 554 296 a.
577 241 863 292 murenarum
969 213 979 276 s
1101 245 1191 318 ur.

200 392 344 472 peditatus
354 392 553 470 equitatusque
563 393 653 470 copiis
664 391 826 450 Labienum
835 409 901 450 curn
910 410 970 450 una
978 389 1102 468 legione,
1116 411 1191 470 quae

200 493 231 550 in
252 509 354 550 eorum
375 491 480 550 finibus
504 492 685 560 hiemaverat,
707 490 812 549 adoriri
837 491 984 568 parabant,
1008 491 1124 566 iamque
1153 493 1190 550 ab

199 607 236 650 eo
251 607 312 648 non
329 590 445 666 longius
463 590 543 648 bidui
557 591 602 648 via
616 590 743 659 aberant,
758 607 825 648 cum
845 589 917 648 duas
930 589 1043 648 venisse
1061 589 1191 666 legiones

199 688 289 748 missu
313 687 445 746 Caesaris
469 696 659 762 cognoscunt.
701 687 805 745 Positis
829 687 928 746 castris
953 705 971 746 a
990 686 1105 746 milibus
1124 705 1190 763 pas-

172 803 285 862 5suum
308 800 350 842 xv
366 785 470 844 auxilia
488 783 702 844 Germanorum
719 795 885 862 exspectare
905 784 1091 844 constituunt.
1132 783 1189 842 La·

200 884 302 942 bienus
326 883 453 942 hostium
478 883 597 958 cognito
622 883 742 941 consilio
767 901 886 959 sperans
910 883 1068 942 temeritate
1089 901 1190 940 eorum

200 980 261 1039 fore
280 980 404 1057 aliquam
419 980 573 1038 dimicandi
592 979 763 1050 facultatem,
779 981 923 1056 praesidio
942 981 1070 1058 quinque
1085 980 1190 1039 cohor-

199 1079 270 1137 tium
292 1077 506 1153 impedimentis
529 1077 637 1149 relicto,
658 1095 726 1136 cum
749 1077 847 1154 viginti
872 1078 998 1154 quinque
1022 1077 1189 1136 cohortibus

198 1195 364 1253 magnoque
396 1178 525 1253 equitatu
557 1185 658 1236 contra
691 1177 804 1235 hostem
835 1177 1024 1254 proficiscitur
1051 1187 1080 1235 et
1112 1177 1190 1236 mille

157 1303 187 1340 ro
199 1292 337 1352 passuum
369 1274 533 1333 intermisso
562 1275 655 1351 spatio
684 1284 777 1333 castra
804 1274 973 1332 communit.
1018 1274 1088 1332 Erat
1115 1275 1190 1332 inter

198 1373 359 1432 Labienum
386 1381 472 1448 atque
499 1372 614 1430 hostem
641 1371 747 1430 difficili
776 1373 895 1430 transitu
922 1372 1030 1430 flumen
1062 1372 1189 1448 ripisque

197 1470 366 1548 praeruptis.
422 1469 492 1528 Hoc
519 1487 615 1546 neque
643 1470 705 1544 ipse
732 1470 851 1528 transire
878 1469 1003 1528 habebat
1033 1469 1063 1527 in
1090 1471 1187 1528 animo

198 1586 292 1644 neque
306 1567 403 1626 hostes
422 1568 590 1626 transituros
606 1567 797 1628 existimabat.
837 1567 1005 1643 Augebatur
1017 1567 1188 1626 auxiliorum

198 1666 304 1726 cotidie
319 1683 395 1741 spes.
437 1664 577 1740 Loquitur
593 1665 623 1722 in
637 1665 760 1722 concilio
775 1665 879 1741 palam,
894 1667 1032 1742 quoniam
1049 1665 1188 1724 Germani

157 1792 185 1844 ¹⁵
199 1763 430 1840 appropinquare
452 1764 591 1834 dicantur,
613 1780 677 1820 sese
699 1781 765 1822 suas
786 1765 983 1841 exercitusque
1008 1763 1136 1824 fortunas
1156 1764 1188 1821 in

198 1861 319 1920 dubium
337 1879 399 1920 non
417 1861 623 1922 devocaturum
641 1869 669 1918 et
688 1869 805 1936 postero
825 1861 872 1919 die
896 1862 989 1937 prima
1008 1861 1072 1920 luce
1094 1871 1188 1920 castra

198 1968 354 2018 moturum.
396 1958 532 2018 Celeriter
545 1958 617 2017 haec
631 1957 668 2016 ad
682 1958 779 2018 hostes
794 1959 967 2030 deferuntur,
982 1968 1013 2016 ut
1027 1978 1063 2018 ex
1077 1977 1189 2036 magno

199 2057 350 2118 Gallorum
369 2057 498 2133 equiturn
519 2073 639 2114 numero
660 2053 816 2114 nonnullos
838 2056 955 2115 Gallicis
979 2056 1065 2114 rebus
1092 2056 1189 2114 lavere

197 2165 300 2214 natura
318 2155 450 2229 cogebat.
490 2154 636 2214 Labienus
656 2166 743 2214 noctu
757 2155 876 2213 tribunis
895 2153 1016 2211 militum
1029 2154 1190 2230 primisque

156 2283 186 2320 ,ο
199 2253 347 2312 ordinibus
368 2253 541 2324 convocatis,
564 2254 634 2331 quid
655 2255 699 2312 sui
720 2255 756 2312 sit
777 2253 896 2321 consilii,
917 2253 1053 2328 proponit
1069 2261 1106 2322 et,
1127 2269 1190 2328 quo

198 2350 308 2408 facilius
333 2349 463 2408 hostibus
487 2351 597 2411 timoris
625 2353 674 2411 det
701 2351 905 2427 suspicionem,
931 2350 1039 2408 maiore
1067 2350 1191 2425 strepitu

197 2458 227 2506 et
248 2447 379 2518 tumultu,
404 2465 492 2524 quam
518 2449 619 2525 populi
647 2449 773 2510 Romani
800 2448 853 2506 lert
880 2447 1068 2518 consuetud0,
1094 2456 1192 2506 castra

198 2546 307 2604 moveri
320 2545 406 2608 iubet,
448 2545 505 2606 His
522 2548 608 2611 rebus
626 2547 711 2622 fugae
726 2547 846 2604 similem
860 2545 1069 2621 profectionem
1083 2545 1191 2606 effecit.

198 2642 283 2702 Haec
304 2661 420 2720 quoque
439 2661 491 2718 per
507 2645 703 2720 exploratores
721 2654 787 2708 ante
806 2643 900 2702 lucem
916 2644 946 2700 in
967 2653 1047 2701 tanta
1068 2645 1191 2720 propin-

155 2768 184 2818 ²⁵
198 2741 306 2817 quitate
337 2752 496 2800 castrorum
525 2741 563 2798 ad
593 2742 690 2800 hostes
723 2741 896 2806 deseruntur.
938 2747 967 2800 8.
988 2740 1048 2798 Vix
1081 2759 1193 2816 agmen

198 2838 386 2896 novissimum
414 2850 495 2898 extra
522 2841 696 2898 munitiones
723 2847 911 2915 processerat,
939 2856 1007 2896 cum
1035 2837 1109 2896 Galli
1138 2858 1192 2898 co-

197 2936 301 2996 hortati
325 2937 398 2994 inter
422 2955 462 3006 se,
485 2955 522 2995 ne
546 2948 688 3012 speratam
712 2937 849 3014 praedam
873 2954 910 2994 ex
934 2937 1067 2994 manibus
1092 2937 1192 2996 dimit·
1294 2977 1295 2980 η

198 3043 306 3092 terent:
343 3033 465 3108 longum
504 3051 568 3092 esse
607 3036 759 3112 perterritis
775 3035 778 3043 '
797 3034 938 3092 Romanis
973 3033 1196 3097 Germanorum.

198 3130 336 3188 auxilium
357 3139 532 3205 exspectare,
554 3149 649 3207 neque
670 3150 751 3191 suam
771 3132 831 3207 pati
852 3133 1029 3208 dignitatern,
1050 3142 1082 3190 ut
1100 3135 1199 3195 tantis

153 3256 185 3305 50
198 3226 290 3302 copiis
317 3236 377 3283 tam
408 3227 541 3300 exiguam
568 3247 688 3286 manum
717 3229 884 3306 praesertim
914 3229 1072 3306 fugientem
1099 3241 1201 3308 atque

199 3323 367 3398 impeditam
389 3323 494 3382 adoriri
516 3343 577 3384 non
599 3327 731 3398 audeant,
754 3326 862 3385 flumen
886 3329 1005 3388 transire
1029 3337 1058 3386 et
1085 3307 1201 3405 iniquo

200 3420 265 3477 loeo
280 3419 457 3478 committere
470 3422 610 3497 proelium
631 3441 692 3481 non
711 3423 849 3482 dubitant.
891 3424 974 3496 Quae
993 3425 1054 3483 fore
1076 3426 1205 3500 suspic-

199 3527 264 3585 atus
285 3515 438 3590 Labienus,
458 3528 489 3578 ut
511 3537 613 3608 omnes
634 3521 703 3581 citra
724 3521 831 3580 flumen
851 3521 972 3595 eliceret,
994 3522 1096 3581 eadem
1117 3541 1208 3608 usus
