2652 3928
157 229 295 311 57-61.
368 243 414 290 aa
434 243 543 292 aurio
568 241 718 291 oaauroo
742 239 851 292 corun.
878 241 939 290 tur.
1087 228 1148 310 165

157 391 334 466 provinciam
368 391 553 452 contendisse
591 391 810 451 confirmabant.
867 389 1012 450 Bellovaci
1051 399 1147 450 autem

158 487 318 548 defectione
340 489 512 549 Aeduorum
533 491 658 564 cognita,
680 491 729 567 qui
750 499 816 548 ante
837 499 918 548 erant
938 505 1042 565 perse
1063 487 1147 546 infid-

157 586 224 656 eles,
247 605 351 646 manus
374 606 479 664 cogere
501 597 587 663 atque
610 597 708 663 aperte
731 587 839 646 bellum
859 606 960 664 parare
981 595 1155 662 coeperunt..

158 681 237 742 Turn
257 683 402 742 Labienus
423 694 503 742 tanta
523 703 619 743 rerum
641 685 868 743 commutatione
888 685 975 760 longe
996 684 1073 742 aliud
1093 683 1146 741 sibi

158 781 331 856 capiendum
362 781 523 852 consilium,
555 791 642 857 atque
673 791 764 840 antea*
790 792 927 853 senserat,
955 783 1174 856 intellegebat,5

157 895 252 953 neque
279 879 345 950 iam,
370 889 402 937 ut
425 879 532 956 aliquid
556 879 715 955 acquireret
738 879 907 954 proelioque
931 879 1030 938 hostes
1057 879 1146 937 laces-

158 985 240 1046 seret,
266 977 318 1034 sed
341 986 373 1034 ut
397 977 573 1036 incolumem
597 977 754 1034 exercitum
777 977 962 1051 Agedincum
988 977 1146 1048 reduceret,

157 1075 309 1149 cogitabat.
351 1073 487 1150 Namque
508 1075 596 1132 altera
617 1092 653 1132 ex
674 1084 756 1148 parte
777 1071 931 1146 Bellovaci,
953 1093 1028 1152 quae
1048 1075 1146 1134 civitas

156 1173 186 1228 in
218 1171 312 1230 Gallia
341 1173 499 1231 maximam
529 1171 616 1230 habet
646 1172 816 1246 opinionem
846 1172 964 1243 virtutis,
992 1173 1145 1241 instabant,

156 1271 275 1328 alteram
296 1270 511 1347 Camulogenus
532 1281 632 1346 parato
654 1281 740 1346 atque
761 1272 900 1330 instructo
921 1273 1047 1330 exercitu
1067 1281 1147 1331 tene·
1161 1289 1192 1328 10

156 1369 206 1425 bat
213 1386 222 1439 ;
243 1377 305 1426 tum
318 1369 448 1444 legiones
462 1387 480 1426 a
493 1369 638 1444 praesidio
653 1378 739 1444 atque
753 1368 965 1444 impedimentis
979 1369 1146 1427 interclusas

156 1465 315 1524 maximum
339 1466 449 1524 flumen
477 1467 639 1525 distinebat.
681 1466 784 1525 Tantis
813 1467 908 1526 subito
936 1467 1146 1525 difficultatibus

156 1564 276 1622 obiectis
297 1564 334 1622 ab
354 1564 443 1622 animi
463 1563 564 1622 virtute
585 1557 722 1622 auxilium
742 1565 901 1640 petendum
925 1565 1048 1623 videbat.
1091 1570 1148 1623 60.

158 1659 218 1718 Sub
242 1679 395 1736 vesperum
419 1661 539 1719 consilio
564 1672 724 1724 convocato
749 1661 928 1732 cohortatus,
947 1673 979 1720 ut
1003 1681 1046 1734 ea,
1071 1679 1146 1738 quae

156 1759 332 1833 imperasset,
365 1758 516 1833 diligenter
549 1757 745 1835 industrieque
776 1759 1016 1831 administrarent,
1048 1777 1145 1829 naves,
1161 1781 1190 1835 ¹5

157 1874 229 1931 quas
264 1855 425 1914 Meloduno
460 1856 627 1927 deduxerat,
663 1855 791 1931 singulas
826 1857 970 1932 equitibus
1005 1857 1147 1916 Romanis

157 1953 283 2012 attribuit
304 1963 334 2012 et
358 1954 452 2029 prima
472 1952 605 2012 confecta
627 1953 723 2028 vigilia
747 1962 882 2029 quattuor
905 1955 984 2013 milia
1007 1971 1147 2030 passuum

157 2053 285 2112 secundo
299 2053 418 2112 flumine
432 2052 549 2112 silentio
568 2053 702 2128 progredi
721 2053 819 2128 ibique
837 2071 867 2111 se
882 2055 1041 2128 exspectari
1059 2055 1145 2112 iubet.

158 2153 295 2230 Quinque
326 2152 469 2223 cohortes,
502 2169 574 2227 quas
605 2151 724 2210 minime
754 2151 851 2209 firmas
882 2153 919 2210 ad
950 2153 1151 2210 dimicandum*

157 2269 220 2309 esse
235 2251 426 2322 existimabat,
448 2250 548 2308 castris
572 2249 716 2325 praesidio
740 2249 875 2324 relinquit
882 2267 891 2323 ;
919 2250 1047 2326 quinque
1071 2251 1146 2308 eius·
1160 2271 1190 2306 ao

157 2349 224 2406 dem
260 2347 382 2423 legionis
418 2347 541 2423 reliquas
579 2347 616 2404 de
653 2345 750 2404 media
786 2356 872 2404 nocte
908 2365 975 2404 cum
1009 2347 1145 2406 omnibus
1208 2369 1213 2374 ·

156 2445 369 2520 impedimentis
400 2446 521 2504 adverso
552 2444 672 2503 flumine
703 2461 812 2520 magno
843 2445 967 2502 tumultu
1001 2445 1145 2520 proficisci

156 2544 286 2618 imperat.
342 2542 494 2619 Conquirit
531 2543 618 2600 etiam
656 2541 771 2600 lintres:
811 2541 864 2600 has
901 2559 1010 2618 magno
1049 2543 1146 2601 sonitu

156 2661 302 2702 remorum
329 2643 459 2702 incitatas
490 2643 521 2700 in
549 2643 673 2700 eandem
700 2651 812 2718 partem
840 2643 933 2702 mittit.
975 2644 1044 2718 Ipse
1078 2653 1146 2718 post

156 2741 244 2818 paulo
269 2741 382 2800 silentio
407 2758 540 2816 egressus
564 2757 631 2798 cum
655 2740 746 2798 tribus
770 2739 932 2814 legionibus
957 2759 1025 2799 eum
1048 2741 1144 2798 locum
1160 2759 1189 2810 ²5

156 2840 236 2915 petit,
251 2855 310 2915 quo
324 2857 411 2898 naves
426 2838 530 2914 appelli
547 2837 675 2896 iusserat.
718 2843 764 2896 61.
786 2837 912 2896 Eccum
927 2849 1003 2897 esset
1018 2849 1143 2908 ventum,

156 2935 351 3011 exploratores
369 2937 505 3006 hostium,
519 2944 551 2993 ut
565 2936 645 2994 omni
660 2935 786 2992 fluminis
805 2945 885 3010 parte
905 2946 984 2994 erant
1003 2937 1143 3012 dispositi,

156 3034 349 3110 inopinantes,
370 3034 450 3110 quod
470 3051 578 3108 magna
601 3033 696 3091 subito
718 3042 779 3092 erat
799 3043 898 3092 coorta
921 3043 1085 3108 tempestas,
1106 3037 1144 3094 ab

156 3132 262 3190 nostris
283 3131 487 3206 opprimuntur
494 3149 502 3203 3
528 3131 671 3190 exercitus
692 3113 892 3206 equitatusque
914 3133 1056 3208 equitibus
1082 3132 1143 3190 Ro-

155 3229 250 3288 manis
265 3228 538 3299 administrantibus
553 3245 627 3306 quos
641 3229 667 3286 ei
684 3229 802 3302 negotio
816 3228 1000 3303 praefecerat,
1015 3229 1143 3289 celeriter
1157 3250 1189 3300 30

156 3327 362 3384 transmittitur.
404 3325 473 3384 Uno
487 3326 546 3384 fere
565 3337 696 3402 tempore
710 3327 764 3384 sub
778 3326 871 3384 lucem
885 3326 1015 3386 hostibus
1029 3329 1141 3386 nuntia-

156 3433 202 3480 tur
221 3424 251 3480 in
265 3425 363 3482 castris
377 3424 578 3482 Romanorum
596 3435 707 3500 praeter
726 3424 965 3484 consuetudinem
978 3426 1142 3485 tumultuari

157 3531 185 3579 et
205 3539 345 3598 magnum
369 3523 409 3582 ire
430 3540 536 3598 agmen
557 3523 677 3581 adverso
699 3521 815 3580 flumine
840 3523 1023 3601 sonitumque
1047 3542 1148 3584 remo-1
