2634 3914
144 213 282 284 49-53.
377 211 552 261 baratro
576 212 854 263 arrrrooconrm
880 214 942 265 νη.
1074 200 1131 263 161

143 360 300 420 interfectis
320 361 446 438 reliquos
467 381 485 422 a
504 371 589 439 porta
613 363 730 440 paulum
755 365 908 423 submovit.
952 362 1131 424 Conantibus

143 459 272 518 auxiliari
304 462 378 520 suis:
413 460 566 532 ‘Frusua'
599 462 702 537 inquit,
737 465 838 522 ‘meae
870 463 944 521 vitae
980 462 1131 520 subvenire

143 561 298 632 conamini,
324 579 412 636 quem
434 561 493 618 iam
517 561 636 636 sanguis
660 561 792 636 viresque
817 560 960 620 deficiunt
1004 560 1131 619 Proinde

142 658 228 730 abite,
261 658 331 718 dum
365 667 410 717 est
440 658 570 729 facultas,
602 676 712 734 vosque
743 659 781 718 ad
814 659 963 734 legionem
995 655 1129 735 recipite'

142 754 188 813 Ita
218 774 352 832 pugnans
387 765 456 832 post
487 755 605 832 paulum
641 755 767 814 concidit
800 773 834 814 ac
865 757 924 816 suis
954 756 1037 814 saluti
1068 755 1157 822 fuit5

142 858 189 914 ὄλ
212 853 321 925 Nostri,
346 873 414 913 cum
438 854 568 928 undique
592 861 798 930 premerentur,
822 870 892 912 xuvt
916 854 1129 912 centurionibus

140 951 254 1010 amissis
279 953 381 1012 deiecti
409 961 476 1010 sunt
501 952 577 1010 loc0.
621 951 680 1010 Sed
703 952 899 1011 intolerantius
926 951 1028 1012 Gallos
1054 955 1130 1010 inse-

141 1059 262 1124 quentes
292 1051 368 1126 legio
398 1051 512 1109 decima
538 1051 670 1120 tardavit,
699 1068 774 1126 quae
805 1032 859 1125 pro
887 1051 1016 1110 subsidio
1043 1051 1129 1127 paulo

139 1147 277 1220 aequiore
310 1147 376 1206 loco
411 1148 583 1206 constiterat
641 1146 728 1206 Hanc
766 1165 864 1206 rursus
906 1164 963 1206 x111
1006 1149 1130 1223 legionis

140 1246 275 1305 cohortes
289 1257 472 1323 exceperunt,
487 1265 561 1322 quae
576 1265 612 1305 ex
627 1247 727 1306 castris
744 1246 905 1304 minoribus
924 1246 1045 1306 eductae
1062 1267 1129 1306 cum
1145 1273 1174 1308 10

140 1343 177 1402 Τ.
189 1344 287 1403 Sextio
301 1345 398 1421 legato
413 1354 550 1422 ceperant
564 1345 661 1404 locum
682 1345 868 1420 superiorem.
910 1343 1065 1421 Legiones,
1080 1347 1129 1404 ubi

139 1442 266 1518 primum
286 1443 441 1519 planiciem
467 1444 630 1518 attigerunt,
655 1443 765 1502 infestis
790 1453 892 1502 contra
915 1443 1014 1502 hostes
1039 1445 1129 1520 signis

139 1541 337 1601 constiterunt.
382 1540 603 1617 Vercingetorix
627 1541 665 1599 ab
688 1541 834 1600 radicibus
859 1541 940 1600 collis
963 1559 1032 1600 suos
1056 1543 1128 1601 intra

138 1639 314 1697 munitiones
346 1640 469 1698 reduxit.
510 1638 556 1698 Eo
588 1638 635 1698 die
669 1639 774 1698 milites
809 1649 877 1698 sunt
911 1639 1000 1716 paulo
1032 1641 1127 1700 minus

138 1737 313 1812 septingenti
329 1736 491 1796 desiderati.
1144 1761 1171 1810 15

181 1841 231 1894 52.
253 1835 373 1893 Postero
402 1835 448 1893 die
476 1834 584 1894 Caesar
611 1835 747 1894 contione
774 1835 913 1895 advocata
939 1837 1127 1895 temeritatem

138 1933 383 2008 cupiditatemque
409 1933 532 1992 militum
559 1933 750 2010 reprehendit,
779 1933 859 2010 quod
886 1934 940 1991 sibi
968 1934 1023 2009 ipsi
1054 1935 1126 1993 iudi·
1200 1952 1201 1956 ¹

137 2030 287 2101 cavissent,
313 2048 372 2107 quo
396 2030 613 2108 procedendum
637 2039 686 2088 aut
713 2030 783 2106 quid
807 2030 953 2106 agendum
977 2030 1126 2102 videretur,

136 2146 233 2204 neque
251 2129 335 2204 signo
356 2130 515 2204 recipiendi
535 2129 603 2187 dato
622 2129 819 2188 constitissent
836 2145 930 2203 neque
949 2128 987 2186 ab
1005 2129 1126 2186 tribunis

135 2226 259 2284 rnilitum
298 2227 457 2302 legatisque
494 2226 610 2284 retineri
646 2218 815 2302 potuissent.
870 2224 1021 2302 Exposuit,
1057 2227 1126 2304 quid
1140 2246 1170 2280 ro

135 2324 270 2400 iniquitas
301 2325 358 2383 loci
388 2333 494 2400 posset,
527 2325 597 2402 quid
631 2324 694 2400 ipse
725 2323 763 2382 ad
792 2323 947 2381 Avaricum
982 2326 1124 2396 sensisset,

136 2439 204 2480 cum
232 2423 294 2482 sine
321 2422 395 2481 duce
419 2431 449 2481 et
472 2421 535 2481 sine
559 2422 687 2498 equitatu
712 2421 897 2497 deprehensis
921 2421 1052 2481 hostibus
1076 2441 1126 2480 ex-

134 2519 278 2597 ploratam
308 2520 456 2578 victoriam
487 2520 657 2591 dimisisset,
677 2537 715 2578 ne
745 2536 865 2594 parvum
892 2519 982 2578 modo
1011 2520 1125 2579 detrim-

135 2626 236 2676 entum
266 2618 297 2676 in
325 2619 509 2676 contentione
536 2627 654 2694 propter
683 2617 863 2692 iniquitatem
890 2616 947 2676 loci
974 2619 1123 2677 accideret.

136 2715 254 2786 Quanto
286 2734 374 2793 opere
408 2733 510 2774 eorum
543 2715 632 2773 animi
667 2715 895 2791 magnitudinem
929 2715 1123 2788 admiraretur,
1138 2731 1167 2780 ²5

135 2831 210 2890 quos
247 2831 308 2872 non
346 2823 504 2872 cashorum
540 2812 725 2884 munitiones,
760 2830 821 2870 non
855 2813 974 2871 altitudo
1007 2817 1123 2886 montis,

134 2930 196 2970 non
217 2929 315 2970 murus
339 2912 439 2988 oppidi
463 2910 575 2970 tardare
598 2910 746 2985 potuisset,
767 2919 847 2968 tanto
869 2928 956 2986 opere
980 2911 1143 2971 licentiam·

134 3009 386 3085 arrogantiamque
409 3008 625 3086 reprehendere,
647 3008 727 3084 quod
746 3008 811 3084 plus
835 3027 866 3067 se
891 3027 978 3085 quam
1001 3011 1125 3086 impera-

133 3116 227 3164 torem
251 3105 288 3164 de
312 3108 430 3165 victoria
453 3117 539 3182 atque
563 3106 642 3164 exitu
666 3123 760 3164 rerum
785 3107 889 3164 sentire
913 3107 1106 3166 existimarent
1113 3127 1121 3180 ;

133 3221 189 3261 nec
210 3203 306 3261 minus
331 3223 361 3262 se
386 3205 423 3262 ab
448 3205 537 3262 milite
560 3203 733 3262 modestiam
757 3213 785 3261 et
805 3205 1011 3262 continentiam
1035 3222 1122 3281 quarn
1136 3215 1167 3263 30

132 3301 266 3358 virtutem
293 3311 378 3378 atque
403 3303 491 3361 animi
519 3301 747 3377 magnitudinem
770 3301 939 3360 desiderare.
983 3308 1033 3362 53.
1055 3302 1121 3361 Hac

132 3397 231 3454 habita
263 3399 400 3457 contione
434 3407 462 3457 et
496 3399 534 3458 ad
565 3409 722 3458 extremam
753 3400 915 3458 orationem
946 3399 1121 3458 confirmatis

131 3494 277 3567 militibus,
303 3514 340 3554 ne
365 3497 404 3555 ob
428 3496 503 3556 hanc
528 3515 645 3556 causam
670 3497 766 3556 animo
794 3506 1027 3574 permoverentur
1054 3515 1120 3571 neu,

612 3611 635 3652 rr
