2634 3914
184 232 246 296 104
509 227 538 276 0.
560 227 654 276 IULII
675 227 845 276 CAESARIS
1141 228 1171 280 V.

181 377 280 454 ignem
304 373 586 454 comprehenderunt
613 386 642 436 et
668 376 745 435 venti
772 374 971 452 magnitudine
999 375 1029 434 in
1054 393 1172 435 omnem

181 475 279 532 locum
319 483 477 532 castromm
517 475 693 532 distulerunt.
736 473 847 532 Hostes
884 474 1013 531 maximo
1048 474 1173 532 clamore

182 555 263 630 sicuti
280 581 363 648 parta
381 573 438 629 iam
453 581 539 648 atque
553 573 700 648 explorata
716 572 834 630 victoria
847 581 938 629 turres
957 572 1173 647 testudinesque

182 686 267 744 agere
302 679 331 728 et
365 671 449 729 scalis
483 671 588 728 vallum
622 670 780 728 ascendere
815 678 981 745 coeperunt.
1023 669 1063 726 At
1097 679 1174 727 tanta

152 767 303 838 5militum
334 768 422 826 virtus
453 777 539 844 atque
571 785 607 826 ea
637 767 800 843 praesentia
830 767 919 824 animi
950 767 1010 838 fuit,
1039 776 1078 839 ut,
1107 786 1174 826 cum

181 865 310 941 undique
327 865 444 922 flamma
460 874 634 923 torrerentur
649 865 833 938 maximaque
852 863 976 922 telorum
993 864 1173 922 multitudine

179 973 377 1038 premerentur
394 981 503 1038 suaque
516 963 616 1020 omnia
633 960 841 1038 impedimenta
858 972 944 1036 atque
963 979 1066 1020 omnes
1084 961 1140 1020 sort
1160 995 1173 1006 -

180 1077 233 1117 nas
255 1059 433 1136 conflagrare
458 1061 664 1136 intellegerent,
685 1077 747 1117 non
770 1059 861 1117 modo
886 1059 1066 1134 demigrandi
1087 1079 1174 1119 causa

181 1157 217 1214 de
238 1158 312 1216 vallo
333 1158 484 1216 decederet
505 1175 601 1229 nemo,
624 1157 676 1216 sed
699 1175 793 1233 paene
814 1175 852 1214 ne
876 1157 1031 1233 respiceret
1056 1159 1173 1235 quidem

136 1273 167 1310 ro
180 1255 341 1331 quisquam,
360 1274 394 1314 ac
412 1266 474 1314 tum
494 1273 597 1314 omnes
615 1256 752 1314 acerrime
771 1254 983 1330 fortissimeque
1000 1267 1171 1332 pugnarent.

180 1352 238 1410 Hic
264 1353 324 1412 dies
349 1355 454 1413 nostris
479 1353 567 1430 longe
591 1353 776 1429 gravissimus
801 1353 869 1423 iuit3
898 1353 950 1412 sed
974 1362 1072 1412 tamen
1095 1354 1173 1413 hunc

179 1450 279 1509 habuit
297 1451 439 1523 eventum,
454 1461 486 1510 ut
503 1470 539 1510 eo
557 1451 603 1510 die
624 1451 767 1508 maximus
787 1469 924 1510 numems
945 1450 1073 1510 hostium
1091 1453 1173 1510 vuln-

180 1558 306 1606 eraretur
326 1557 413 1624 atque
438 1549 651 1619 interficeretur,
671 1557 704 1605 ut
725 1566 756 1606 se
781 1550 835 1606 sub
860 1549 924 1626 ipso
948 1549 1023 1608 vallo
1045 1551 1172 1627 constip-

180 1655 297 1704 averant
327 1665 531 1723 recessumque
555 1646 654 1722 primis
685 1646 776 1703 ultimi
804 1664 865 1704 non
893 1647 1009 1706 dabant.
1051 1649 1172 1707 Paulum

136 1757 164 1816 15
180 1743 297 1818 quidem
321 1743 484 1803 intermissa
505 1745 623 1802 flamma
643 1753 672 1802 et
693 1744 822 1820 quodam
842 1745 908 1803 loco
930 1747 997 1803 turri
1021 1745 1125 1804 adacta
1144 1755 1173 1804 et

180 1841 366 1917 contingente
387 1843 493 1900 vallum
513 1843 612 1900 tertiae
633 1843 761 1900 cohortis
783 1843 966 1902 centuriones
988 1862 1024 1901 ex
1046 1862 1091 1915 c0,
1113 1863 1173 1921 quo

180 1941 302 2010 stabant,
326 1939 393 1998 loco
421 1949 601 1998 recesserunt
626 1957 752 2016 suosque
778 1952 969 2012 removerunt,
994 1951 1066 1999 nutu
1094 1941 1172 2000 voci-

179 2039 291 2112 busque
310 2037 415 2108 hostes,
431 2039 454 2097 si
469 2037 586 2096 introire
602 2039 715 2109 vellent,
730 2055 833 2096 vocare
847 2048 1024 2114 coepemnt;
1047 2057 1172 2115 quorum

179 2135 315 2210 progredi
342 2153 428 2195 ausus
457 2145 501 2194 est
528 2153 625 2194 nemo.
667 2136 747 2194 Tum
768 2154 805 2193 ex
827 2137 907 2193 omni
927 2147 1007 2212 parte
1028 2137 1173 2212 lapidibus

135 2257 167 2291 20
180 2235 316 2292 coniectis
345 2234 494 2306 deturbati,
518 2235 660 2309 turrisque
688 2251 828 2291 succensa
855 2243 907 2292 est.
949 2239 1001 2292 44.
1022 2234 1113 2292 Erant
1141 2235 1173 2294 in

178 2349 212 2388 ea
246 2332 362 2406 legione
396 2331 545 2390 fortissimi
578 2332 636 2402 viri,
671 2331 861 2402 centuriones
897 2333 946 2408 qui
980 2333 1037 2392 iam
1071 2333 1173 2408 primis

178 2429 327 2487 ordinibus
348 2430 621 2505 appropinquarent,
641 2428 726 2486 Titus
747 2428 828 2486 Pullo
849 2438 878 2487 et
898 2429 1005 2488 Lucius
1026 2429 1172 2490 Vorenus.

179 2525 222 2585 Hi
255 2536 410 2602 perpetuas
446 2529 520 2585 inter
554 2544 585 2585 se
620 2527 829 2584 controversias
863 2525 1017 2598 habebant,
1052 2528 1173 2602 quinam

178 2625 373 2696 anteferretur,
388 2627 581 2701 omnibusque
599 2626 682 2683 annis
700 2626 736 2683 de
752 2625 824 2683 locis
842 2625 962 2684 summis
980 2626 1172 2686 simultatibus

134 2741 163 2792 25
180 2725 404 2784 contendebant.
446 2724 492 2782 Ex
512 2724 556 2782 his
578 2725 669 2794 Puli0‚
690 2742 757 2782 cum
778 2725 914 2782 acerrime
935 2724 973 2782 ad
993 2726 1171 2786 munitiones

178 2833 361 2900 pugnaretur,
391 2822 487 2894 ‘Quid
519 2821 649 2891 dubitas}
677 2821 777 2895 inquit,
807 2821 962 2880 ‘Vorenel
1001 2832 1050 2880 aut
1081 2841 1171 2899 quem

177 2923 274 2979 locum
289 2931 354 2979 tuae
371 2919 539 2996 probandae
555 2918 663 2976 virtutis
678 2920 848 2992 exspectas?
869 2919 916 2977 hic
931 2919 992 2978 dies
1010 2921 1047 2978 de
1061 2922 1170 2982 nostris

177 3019 378 3079 controversiis
399 3015 553 3076 iudicabit!
596 3015 681 3073 Haec
703 3033 770 3073 cum
792 3016 917 3087 dixisset,
937 3019 1068 3092 procedit
1089 3030 1171 3079 extra

176 3117 353 3175 munitiones
375 3133 490 3192 quaque
512 3121 593 3189 parte
617 3112 745 3170 hostium
766 3112 976 3172 confertissima
997 3124 1041 3173 est
1061 3117 1111 3188 vis,
1133 3136 1170 3176 ea

132 3226 163 3274 30
176 3216 314 3290 irrumpit.
356 3213 402 3272 Ne
433 3212 570 3270 Vorenus
602 3211 719 3287 quidem
750 3229 813 3269 sese
844 3211 919 3270 vallo
947 3214 1085 3285 continet,
1115 3218 1169 3276 sed

176 3314 307 3372 omnium
320 3313 426 3372 veritus
444 3310 683 3368 existimationem
702 3309 891 3384 subsequitur.
933 3309 1013 3368 Tum
1027 3313 1170 3372 mediocri

176 3412 269 3486 spatio
293 3410 392 3468 relicto
418 3408 499 3468 Pulio
524 3408 612 3482 pilum
636 3407 666 3465 in
690 3406 789 3464 hostes
813 3407 939 3466 immittit
963 3419 1049 3486 atque
1073 3429 1167 3472 unum

176 3525 213 3567 ex
237 3507 417 3568 multitudine
442 3514 659 3582 procurrentem
682 3505 789 3566 traicit:
818 3523 876 3582 quo
901 3523 1039 3582 percusso
1065 3519 1094 3568 et
1114 3529 1168 3570 cx-
