2606 3934
474 157 489 202 r

120 231 219 317 ,6-9.
352 244 531 294 assumo
555 243 703 294 erarico
725 245 834 294 comm.
856 247 881 296 r.
1089 245 1110 315 5

125 391 275 470 legationis
310 393 481 454 Nammeius
516 403 545 454 et
582 394 792 456 Verucloetius.
819 395 979 478 principem
1011 392 1110 452 locum

126 495 301 564 obtinebant,
313 494 362 569 qui
376 493 511 565 dicerent,
523 494 577 552 sibi
591 512 654 552 esse
667 495 698 552 in
712 496 809 554 animo
822 496 883 554 sine
897 494 954 552 ullo
969 492 1110 551 maleficio

125 593 178 651 iter
198 611 250 668 per
268 591 446 668 provinciam
463 590 565 662 facere,
584 602 737 668 propterea
756 595 834 670 quod
854 592 932 651 aliud
952 592 1004 649 iter
1024 590 1111 648 habe-

126 703 189 751 rent
210 691 338 772 nullum:
360 706 470 764 rogare,
489 699 521 748 ut
540 691 602 748 eius
621 691 767 750 voluntate
786 693 816 750 id
833 692 887 750 sibi
904 690 998 748 facere
1019 689 1110 746 liceat.

127 789 242 861 Caesar,
277 787 356 865 quod
393 787 533 846 memoria
566 789 690 860 tenebat,
725 789 758 848 L.
794 789 928 848 Cassium
963 786 1139 860 consulem5

126 889 256 948 occisum
283 886 498 962 exercitumque
526 886 588 944 eius
621 887 658 944 ab
688 885 828 946 Helvetiis
860 887 975 964 pulsum
1002 895 1031 943 et
1058 885 1112 943 sub

126 988 225 1063 iugum
247 986 376 1056 missum,
397 983 618 1043 concedendum
635 1003 695 1043 non
712 989 846 1062 putabat;
868 1003 962 1061 neque
979 984 1112 1042 homines

54 1147 61 1168 ,
126 1085 242 1142 inimico
257 1085 354 1142 animo
370 1083 436 1141 data
450 1081 583 1141 facultate
601 1101 654 1158 per
671 1071 848 1159 provinciam
865 1083 972 1141 itineris
986 1081 1113 1139 faciundi

126 1188 334 1257 temperaturos
355 1181 393 1238 ab
414 1179 515 1238 iniuria
542 1187 571 1238 et
590 1180 731 1239 maleficio
758 1181 946 1239 existimabat.
988 1178 1112 1248 Tamen,

126 1288 157 1336 ut
172 1279 295 1354 spatium
309 1277 484 1336 intercedere
498 1286 605 1353 posset,
621 1278 690 1337 dum
704 1279 815 1350 milites
830 1295 904 1355 quos
917 1279 1111 1353 imperaverat,
1128 1304 1157 1338 ιο

127 1377 323 1447 convenirent,
351 1376 453 1450 legatis
480 1375 637 1450 respondit,
666 1376 743 1434 diem
772 1395 803 1436 se
831 1377 869 1434 ad
897 1374 1113 1434 deliberandum

127 1485 330 1550 sumpturum:
359 1474 383 1532 si
411 1473 482 1548 quid
508 1474 620 1546 vellent,
648 1474 686 1532 ad
713 1474 757 1533 Id.
782 1473 871 1550 April.
898 1482 1111 1536 reverterentur.

128 1579 157 1630 8.
187 1571 301 1630 Interea
322 1589 357 1630 ea
377 1571 500 1646 legione,
523 1589 612 1648 quam
637 1589 736 1630 secum
758 1571 891 1643 habebat,
910 1571 1112 1646 militibusque,

126 1669 177 1744 qui
205 1687 241 1728 ex
269 1669 417 1744 provincia
444 1678 645 1739 convenerant,
675 1688 692 1728 a
726 1669 790 1728 lacu
818 1669 978 1738 Lemanno
1006 1668 1055 1744 qui
1083 1669 1112 1726 in

126 1765 235 1825 flmuen
257 1766 433 1824 Rhodanum
451 1765 551 1838 influit,
574 1767 611 1825 ad
631 1776 762 1826 montem
782 1766 888 1838 Iuram,
903 1767 952 1843 qui
969 1766 1041 1825 fines
1062 1765 1113 1825 Se·
1129 1790 1156 1842 15

127 1881 290 1941 quanorum
304 1866 341 1924 ab
357 1865 495 1950 Helvetiis
510 1865 617 1937 dividit,
631 1867 710 1924 milia
728 1886 867 1944 passuum
887 1867 989 1926 decern
1007 1885 1113 1927 novem

126 1981 243 2020 murum
263 1964 294 2021 in
315 1963 492 2020 altitudinem
513 1965 622 2039 pedum
643 1965 769 2024 sedecim
789 1965 956 2041 fossamque
975 1965 1112 2041 perducit.

126 2059 173 2118 Eo
201 2076 289 2135 opere
317 2059 444 2135 perfecto
471 2061 614 2137 praesidia
641 2062 775 2138 disponit,
804 2063 917 2122 castella
946 2064 1113 2132 communit,

127 2175 187 2234 quo
218 2156 335 2229 facilius
364 2157 388 2216 si
422 2175 453 2216 se
487 2158 576 2216 invito
605 2160 724 2217 transire
752 2170 932 2231 conarentur,
961 2160 1114 2235 prohibere

126 2255 226 2332 possit.
268 2254 327 2313 Ubi
347 2273 382 2314 ea
403 2255 472 2326 dies,
494 2274 583 2332 quam
603 2258 789 2316 constituerat
810 2275 877 2316 cum
898 2257 1007 2334 legatis,
1028 2259 1112 2331 venit,
1128 2279 1159 2316 20

128 2363 157 2412 et
184 2353 270 2429 legati
298 2353 335 2412 ad
356 2372 423 2412 eum
444 2364 627 2426 reverterunt,
648 2365 736 2430 negat
757 2374 788 2414 se
815 2374 896 2415 more
923 2365 952 2414 et
979 2356 1113 2432 exemplo
1134 2425 1136 2430 ,

56 2509 58 2512 ,
128 2452 230 2530 populi
258 2451 385 2509 Romani
411 2470 499 2528 posse
526 2453 578 2512 iter
598 2453 646 2510 ulli
666 2472 719 2529 per
739 2453 915 2530 provinciam
936 2453 1005 2512 dare
1032 2463 1069 2526 et,
1091 2455 1115 2512 si

128 2550 186 2608 vim
207 2549 300 2608 facere
321 2559 502 2620 conarentur,
530 2550 739 2626 prohibiturum
760 2551 893 2610 ostendit.
936 2551 1059 2610 Helvetii
1080 2571 1115 2611 ea

129 2665 181 2723 spe
203 2646 304 2705 deiecti
325 2648 447 2704 navibus
475 2647 579 2707 iunctis
607 2649 772 2724 ratibusque
800 2649 996 2725 compluribus
1024 2649 1114 2722 factis,

130 2745 176 2803 alii
197 2745 276 2802 vadis
296 2743 442 2815 Rhodani,
460 2762 518 2820 qua
538 2745 659 2802 minima
679 2746 798 2805 altitudo
812 2746 938 2805 fluminis
957 2757 1025 2818 erat,
1040 2766 1114 2806 non·
1129 2772 1158 2824 ²5

129 2860 291 2919 numquam
314 2842 444 2913 interdiu,
473 2843 588 2918 saepius
613 2853 709 2914 noctu,
735 2845 759 2903 si
783 2862 968 2920 perrumpere
995 2857 1115 2921 possent

130 2941 235 3010 conati,
250 2941 346 3016 operis
363 2939 533 3011 munitione,
548 2949 578 2998 et
591 2941 713 2998 militum
728 2960 870 3000 concursu
889 2952 917 3000 et
933 2943 996 3001 telis
1010 2945 1116 3020 repulsi

129 3040 187 3098 hoc
202 3049 308 3097 conatu
323 3039 499 3096 destiterunt.
550 3045 580 3098 9.
597 3039 823 3116 Relinquebatur
831 3059 889 3099 una
897 3059 949 3116 per
963 3042 1115 3118 Sequanos

129 3137 184 3206 via,
199 3137 257 3211 qua
273 3135 413 3212 Sequanis
428 3136 522 3194 invitis
536 3147 654 3213 propter
672 3140 819 3214 angustias
840 3139 880 3197 ire
899 3157 959 3197 non
974 3150 1113 3215 poterant.

130 3233 188 3292 His
210 3250 276 3290 cum
304 3251 356 3292 sua
377 3243 481 3308 sponte
502 3234 674 3310 persuadere
702 3254 762 3294 non
790 3247 917 3313 possent,
939 3237 1050 3312 legatos
1078 3241 1115 3300 ad
1128 3265 1159 3314 30

130 3329 343 3404 Dumnorigem
357 3328 493 3388 Aeduum
507 3331 630 3402 mittunt,
645 3342 675 3390 ut
692 3351 728 3390 eo
742 3334 928 3408 deprecatore
943 3353 960 3391 a
975 3333 1115 3410 Sequanis

130 3429 324 3504 impetrarent.
366 3427 530 3486 Dumnorix
551 3430 642 3504 gratia
658 3441 686 3488 et
707 3430 856 3507 largitione
871 3431 948 3508 apud
964 3430 1115 3508 Sequanos

130 3527 285 3604 plurimum
312 3533 424 3602 poterat
449 3535 480 3584 et
508 3526 646 3586 Helvetiis
675 3538 735 3588 erat
762 3530 880 3602 amicus,
909 3530 989 3606 quod
1017 3550 1051 3590 ex
1080 3551 1114 3593 ea
