<?xml version="1.0" encoding="UTF-8"?>
<!DOCTYPE html PUBLIC "-//W3C//DTD XHTML 1.0 Transitional//EN"
    "http://www.w3.org/TR/xhtml1/DTD/xhtml1-transitional.dtd">
<html xmlns="http://www.w3.org/1999/xhtml" xml:lang="en" lang="en">
 <head>
  <title>
</title>
<meta http-equiv="Content-Type" content="text/html;charset=utf-8" />
  <meta name='ocr-system' content='tesseract 3.04.00' />
  <meta name='ocr-capabilities' content='ocr_page ocr_carea ocr_par ocr_line ocrx_word'/>
</head>
<body>
  <div class='ocr_page' id='page_1' title='image "./commentariescju01caesgoog_0025.png"; bbox 0 0 2606 3934; ppageno 0'>
   <div class='ocr_carea' id='block_1_1' title="bbox 207 222 1194 286">
    <p class='ocr_par' dir='ltr' id='par_1_1' title="bbox 207 222 1194 286">
     <span class='ocr_line' id='line_1_1' title="bbox 207 222 1194 286; baseline 0.003 -15"><span class='ocrx_word' id='word_1_1' title='bbox 207 224 229 286; x_wconf 86' lang='lat'>4</span> <span class='ocrx_word' id='word_1_2' title='bbox 527 223 557 272; x_wconf 85' lang='grc' dir='ltr'>ο.</span> <span class='ocrx_word' id='word_1_3' title='bbox 582 223 675 272; x_wconf 86' lang='lat' dir='ltr'>rurrr</span> <span class='ocrx_word' id='word_1_4' title='bbox 695 222 870 274; x_wconf 73' lang='lat' dir='ltr'>crasnnrs</span> <span class='ocrx_word' id='word_1_5' title='bbox 1172 230 1194 274; x_wconf 91' lang='lat'>1.</span> 
     </span>
    </p>
   </div>
   <div class='ocr_carea' id='block_1_2' title="bbox 161 367 1282 3582">
    <p class='ocr_par' dir='ltr' id='par_1_2' title="bbox 161 367 1200 2798">
     <span class='ocr_line' id='line_1_2' title="bbox 208 367 1194 449; baseline 0.004 -23"><span class='ocrx_word' id='word_1_6' title='bbox 208 367 316 446; x_wconf 88' lang='lat' dir='ltr'>reliqua</span> <span class='ocrx_word' id='word_1_7' title='bbox 333 369 442 446; x_wconf 90' lang='lat' dir='ltr'>privata</span> <span class='ocrx_word' id='word_1_8' title='bbox 462 371 591 432; x_wconf 89' lang='lat' dir='ltr'>aedificia</span> <span class='ocrx_word' id='word_1_9' title='bbox 611 373 777 444; x_wconf 91' lang='lat' dir='ltr'>incendunt,</span> <span class='ocrx_word' id='word_1_10' title='bbox 798 371 973 430; x_wconf 82' lang='lat' dir='ltr'>immentum</span> <span class='ocrx_word' id='word_1_11' title='bbox 993 389 1090 444; x_wconf 89' lang='lat' dir='ltr'>omne,</span> <span class='ocrx_word' id='word_1_12' title='bbox 1111 389 1194 449; x_wconf 92' lang='lat' dir='ltr'>prae-</span> 
     </span>
     <span class='ocr_line' id='line_1_3' title="bbox 209 470 1195 548; baseline 0.002 -22"><span class='ocrx_word' id='word_1_13' title='bbox 209 478 339 545; x_wconf 88' lang='lat' dir='ltr'>terquam</span> <span class='ocrx_word' id='word_1_14' title='bbox 353 470 432 546; x_wconf 94' lang='lat' dir='ltr'>quod</span> <span class='ocrx_word' id='word_1_15' title='bbox 449 489 549 529; x_wconf 90' lang='lat' dir='ltr'>secum</span> <span class='ocrx_word' id='word_1_16' title='bbox 568 473 707 548; x_wconf 90' lang='lat' dir='ltr'>portaturi</span> <span class='ocrx_word' id='word_1_17' title='bbox 728 481 818 542; x_wconf 91' lang='lat' dir='ltr'>erant,</span> <span class='ocrx_word' id='word_1_18' title='bbox 833 472 1015 542; x_wconf 89' lang='lat' dir='ltr'>comburunt,</span> <span class='ocrx_word' id='word_1_19' title='bbox 1029 481 1061 529; x_wconf 95' lang='lat' dir='ltr'>ut</span> <span class='ocrx_word' id='word_1_20' title='bbox 1075 471 1195 529; x_wconf 89' lang='lat' dir='ltr'>domum</span> 
     </span>
     <span class='ocr_line' id='line_1_4' title="bbox 208 565 1195 645; baseline 0.001 -22"><span class='ocrx_word' id='word_1_21' title='bbox 208 565 355 625; x_wconf 89' lang='lat' dir='ltr'>reditionis</span> <span class='ocrx_word' id='word_1_22' title='bbox 368 585 421 642; x_wconf 89' lang='lat' dir='ltr'>spe</span> <span class='ocrx_word' id='word_1_23' title='bbox 435 567 546 626; x_wconf 87' lang='lat' dir='ltr'>sublata</span> <span class='ocrx_word' id='word_1_24' title='bbox 560 569 717 644; x_wconf 84' lang='lat' dir='ltr'>paratiores</span> <span class='ocrx_word' id='word_1_25' title='bbox 738 570 775 627; x_wconf 87' lang='lat' dir='ltr'>ad</span> <span class='ocrx_word' id='word_1_26' title='bbox 789 570 888 628; x_wconf 87' lang='lat' dir='ltr'>omnia</span> <span class='ocrx_word' id='word_1_27' title='bbox 906 568 1032 645; x_wconf 88' lang='lat' dir='ltr'>pericula</span> <span class='ocrx_word' id='word_1_28' title='bbox 1046 567 1195 626; x_wconf 89' lang='lat' dir='ltr'>subeunda</span> 
     </span>
     <span class='ocr_line' id='line_1_5' title="bbox 209 664 1194 743; baseline 0.003 -22"><span class='ocrx_word' id='word_1_29' title='bbox 209 673 314 735; x_wconf 85' lang='lat' dir='ltr'>essent,</span> <span class='ocrx_word' id='word_1_30' title='bbox 337 664 423 722; x_wconf 91' lang='lat' dir='ltr'>trium</span> <span class='ocrx_word' id='word_1_31' title='bbox 447 683 580 723; x_wconf 90' lang='lat' dir='ltr'>mensum</span> <span class='ocrx_word' id='word_1_32' title='bbox 602 667 700 725; x_wconf 90' lang='lat' dir='ltr'>molita</span> <span class='ocrx_word' id='word_1_33' title='bbox 725 667 830 726; x_wconf 90' lang='lat' dir='ltr'>cibaria</span> <span class='ocrx_word' id='word_1_34' title='bbox 854 667 908 725; x_wconf 89' lang='lat' dir='ltr'>sibi</span> <span class='ocrx_word' id='word_1_35' title='bbox 932 684 1076 743; x_wconf 87' lang='lat' dir='ltr'><strong>quemque</strong></span> <span class='ocrx_word' id='word_1_36' title='bbox 1105 665 1194 725; x_wconf 92' lang='lat' dir='ltr'>domo</span> 
     </span>
     <span class='ocr_line' id='line_1_6' title="bbox 181 761 1194 840; baseline 0.002 -22"><span class='ocrx_word' id='word_1_37' title='bbox 181 775 196 828; x_wconf 78' lang='lat'>5</span> <span class='ocrx_word' id='word_1_38' title='bbox 210 761 310 819; x_wconf 88' lang='lat' dir='ltr'>efferre</span> <span class='ocrx_word' id='word_1_39' title='bbox 323 761 430 820; x_wconf 87' lang='lat' dir='ltr'>iubent</span> <span class='ocrx_word' id='word_1_40' title='bbox 472 762 647 822; x_wconf 82' lang='lat' dir='ltr'>Persuadent</span> <span class='ocrx_word' id='word_1_41' title='bbox 662 763 799 822; x_wconf 86' lang='lat' dir='ltr'>Rauracis</span> <span class='ocrx_word' id='word_1_42' title='bbox 812 774 840 824; x_wconf 92' lang='lat' dir='ltr'>et</span> <span class='ocrx_word' id='word_1_43' title='bbox 854 763 988 840; x_wconf 83' lang='lat' dir='ltr'>Tulingis</span> <span class='ocrx_word' id='word_1_44' title='bbox 1007 773 1036 823; x_wconf 90' lang='lat' dir='ltr'>et</span> <span class='ocrx_word' id='word_1_45' title='bbox 1051 763 1194 822; x_wconf 88' lang='lat' dir='ltr'>Latovieis</span> 
     </span>
     <span class='ocr_line' id='line_1_7' title="bbox 209 859 1194 937; baseline 0.002 -19"><span class='ocrx_word' id='word_1_46' title='bbox 209 859 344 930; x_wconf 90' lang='lat' dir='ltr'>finitimis,</span> <span class='ocrx_word' id='word_1_47' title='bbox 359 860 400 918; x_wconf 92' lang='lat' dir='ltr'>uti</span> <span class='ocrx_word' id='word_1_48' title='bbox 417 861 522 919; x_wconf 91' lang='lat' dir='ltr'>eodem</span> <span class='ocrx_word' id='word_1_49' title='bbox 539 861 584 920; x_wconf 85' lang='lat' dir='ltr'>usi</span> <span class='ocrx_word' id='word_1_50' title='bbox 605 861 725 920; x_wconf 93' lang='lat' dir='ltr'>consilio</span> <span class='ocrx_word' id='word_1_51' title='bbox 744 862 860 937; x_wconf 91' lang='lat' dir='ltr'>oppidis</span> <span class='ocrx_word' id='word_1_52' title='bbox 875 862 933 920; x_wconf 91' lang='lat' dir='ltr'>suis</span> <span class='ocrx_word' id='word_1_53' title='bbox 947 862 1072 937; x_wconf 91' lang='lat' dir='ltr'>vicisque</span> <span class='ocrx_word' id='word_1_54' title='bbox 1087 861 1194 920; x_wconf 90' lang='lat' dir='ltr'>exustis</span> 
     </span>
     <span class='ocr_line' id='line_1_8' title="bbox 211 957 1195 1041; baseline -0.002 -25"><span class='ocrx_word' id='word_1_55' title='bbox 211 971 268 1016; x_wconf 86' lang='lat' dir='ltr'>una</span> <span class='ocrx_word' id='word_1_56' title='bbox 295 974 362 1016; x_wconf 90' lang='lat' dir='ltr'>cum</span> <span class='ocrx_word' id='word_1_57' title='bbox 388 958 422 1016; x_wconf 92' lang='lat' dir='ltr'>iis</span> <span class='ocrx_word' id='word_1_58' title='bbox 449 959 674 1035; x_wconf 88' lang='lat' dir='ltr'>proficiscantur,</span> <span class='ocrx_word' id='word_1_59' title='bbox 701 957 856 1034; x_wconf 92' lang='lat' dir='ltr'>Boiosque‚</span> <span class='ocrx_word' id='word_1_60' title='bbox 877 958 939 1041; x_wconf 55' lang='lat' dir='ltr'>quia</span> <span class='ocrx_word' id='word_1_61' title='bbox 953 967 1032 1018; x_wconf 89' lang='lat' dir='ltr'>trans</span> <span class='ocrx_word' id='word_1_62' title='bbox 1060 957 1195 1016; x_wconf 89' lang='lat' dir='ltr'>Rhenum</span> 
     </span>
     <span class='ocr_line' id='line_1_9' title="bbox 209 1043 1195 1132; baseline 0.001 -21"><span class='ocrx_word' id='word_1_63' title='bbox 209 1054 387 1113; x_wconf 88' lang='lat' dir='ltr'>incoluerant</span> <span class='ocrx_word' id='word_1_64' title='bbox 398 1064 426 1113; x_wconf 91' lang='lat' dir='ltr'>et</span> <span class='ocrx_word' id='word_1_65' title='bbox 436 1055 466 1113; x_wconf 91' lang='lat' dir='ltr'>in</span> <span class='ocrx_word' id='word_1_66' title='bbox 477 1073 578 1131; x_wconf 85' lang='lat' dir='ltr'>agrum</span> <span class='ocrx_word' id='word_1_67' title='bbox 592 1055 734 1115; x_wconf 91' lang='lat' dir='ltr'>Noricum</span> <span class='ocrx_word' id='word_1_68' title='bbox 748 1057 918 1116; x_wconf 88' lang='lat' dir='ltr'>transierant</span> <span class='ocrx_word' id='word_1_69' title='bbox 932 1055 1129 1132; x_wconf 88' lang='lat' dir='ltr'>Noreiamque</span> <span class='ocrx_word' id='word_1_70' title='bbox 1141 1043 1195 1131; x_wconf 87' lang='lat' dir='ltr'>op-</span> 
     </span>
     <span class='ocr_line' id='line_1_10' title="bbox 209 1153 1194 1230; baseline -0.001 -19"><span class='ocrx_word' id='word_1_71' title='bbox 209 1163 381 1229; x_wconf 89' lang='lat' dir='ltr'>pugnarant,</span> <span class='ocrx_word' id='word_1_72' title='bbox 396 1164 529 1230; x_wconf 90' lang='lat' dir='ltr'>receptos</span> <span class='ocrx_word' id='word_1_73' title='bbox 547 1154 584 1213; x_wconf 92' lang='lat' dir='ltr'>ad</span> <span class='ocrx_word' id='word_1_74' title='bbox 604 1172 635 1213; x_wconf 93' lang='lat' dir='ltr'>se</span> <span class='ocrx_word' id='word_1_75' title='bbox 654 1154 749 1213; x_wconf 92' lang='lat' dir='ltr'>socios</span> <span class='ocrx_word' id='word_1_76' title='bbox 763 1155 816 1212; x_wconf 93' lang='lat' dir='ltr'>sibi</span> <span class='ocrx_word' id='word_1_77' title='bbox 831 1154 1003 1214; x_wconf 89' lang='lat' dir='ltr'>adsciscunt.</span> <span class='ocrx_word' id='word_1_78' title='bbox 1046 1160 1075 1212; x_wconf 84' lang='lat'>6.</span> <span class='ocrx_word' id='word_1_79' title='bbox 1104 1153 1194 1211; x_wconf 90' lang='lat' dir='ltr'>Erant</span> 
     </span>
     <span class='ocr_line' id='line_1_11' title="bbox 169 1251 1194 1329; baseline 0 -19"><span class='ocrx_word' id='word_1_80' title='bbox 169 1251 331 1310; x_wconf 89' lang='lat' dir='ltr'>100mnino</span> <span class='ocrx_word' id='word_1_81' title='bbox 347 1251 448 1310; x_wconf 90' lang='lat' dir='ltr'>itinera</span> <span class='ocrx_word' id='word_1_82' title='bbox 466 1251 534 1323; x_wconf 86' lang='lat' dir='ltr'>dun,</span> <span class='ocrx_word' id='word_1_83' title='bbox 555 1253 659 1328; x_wconf 88' lang='lat' dir='ltr'>quibus</span> <span class='ocrx_word' id='word_1_84' title='bbox 675 1253 821 1311; x_wconf 92' lang='lat' dir='ltr'>itineribus</span> <span class='ocrx_word' id='word_1_85' title='bbox 846 1252 934 1311; x_wconf 91' lang='lat' dir='ltr'>domo</span> <span class='ocrx_word' id='word_1_86' title='bbox 957 1253 1035 1312; x_wconf 84' lang='lat' dir='ltr'>exire</span> <span class='ocrx_word' id='word_1_87' title='bbox 1058 1262 1194 1329; x_wconf 86' lang='lat' dir='ltr'>possent:</span> 
     </span>
     <span class='ocr_line' id='line_1_12' title="bbox 209 1349 1195 1427; baseline 0.002 -19"><span class='ocrx_word' id='word_1_88' title='bbox 209 1368 300 1408; x_wconf 92' lang='lat' dir='ltr'>unum</span> <span class='ocrx_word' id='word_1_89' title='bbox 323 1368 375 1426; x_wconf 92' lang='lat' dir='ltr'>per</span> <span class='ocrx_word' id='word_1_90' title='bbox 400 1349 559 1427; x_wconf 88' lang='lat' dir='ltr'>Sequanos,</span> <span class='ocrx_word' id='word_1_91' title='bbox 584 1361 737 1427; x_wconf 88' lang='lat' dir='ltr'>angustum</span> <span class='ocrx_word' id='word_1_92' title='bbox 765 1361 793 1410; x_wconf 91' lang='lat' dir='ltr'>et</span> <span class='ocrx_word' id='word_1_93' title='bbox 821 1351 941 1423; x_wconf 89' lang='lat' dir='ltr'>difficile,</span> <span class='ocrx_word' id='word_1_94' title='bbox 962 1352 1037 1412; x_wconf 91' lang='lat' dir='ltr'>inter</span> <span class='ocrx_word' id='word_1_95' title='bbox 1064 1361 1195 1410; x_wconf 90' lang='lat' dir='ltr'>montem</span> 
     </span>
     <span class='ocr_line' id='line_1_13' title="bbox 211 1447 1194 1526; baseline 0.004 -22"><span class='ocrx_word' id='word_1_96' title='bbox 211 1447 308 1505; x_wconf 91' lang='lat' dir='ltr'>Iuram</span> <span class='ocrx_word' id='word_1_97' title='bbox 328 1457 358 1506; x_wconf 91' lang='lat' dir='ltr'>et</span> <span class='ocrx_word' id='word_1_98' title='bbox 384 1448 494 1508; x_wconf 89' lang='lat' dir='ltr'>flumen</span> <span class='ocrx_word' id='word_1_99' title='bbox 515 1448 701 1520; x_wconf 91' lang='lat' dir='ltr'>Rhodanum,</span> <span class='ocrx_word' id='word_1_100' title='bbox 722 1449 770 1506; x_wconf 85' lang='lat' dir='ltr'>vix</span> <span class='ocrx_word' id='word_1_101' title='bbox 797 1467 855 1526; x_wconf 88' lang='lat' dir='ltr'>qua</span> <span class='ocrx_word' id='word_1_102' title='bbox 876 1450 980 1525; x_wconf 89' lang='lat' dir='ltr'>singuli</span> <span class='ocrx_word' id='word_1_103' title='bbox 1008 1449 1080 1507; x_wconf 90' lang='lat' dir='ltr'>carri</span> <span class='ocrx_word' id='word_1_104' title='bbox 1108 1449 1194 1508; x_wconf 92' lang='lat' dir='ltr'>duce·</span> 
     </span>
     <span class='ocr_line' id='line_1_14' title="bbox 211 1546 1195 1623; baseline -0.001 -19"><span class='ocrx_word' id='word_1_105' title='bbox 211 1556 307 1604; x_wconf 90' lang='lat' dir='ltr'>rentur</span> <span class='ocrx_word' id='word_1_106' title='bbox 314 1565 323 1618; x_wconf 90' lang='lat'>;</span> <span class='ocrx_word' id='word_1_107' title='bbox 344 1564 431 1606; x_wconf 92' lang='lat' dir='ltr'>mons</span> <span class='ocrx_word' id='word_1_108' title='bbox 451 1557 547 1605; x_wconf 92' lang='lat' dir='ltr'>autem</span> <span class='ocrx_word' id='word_1_109' title='bbox 567 1546 720 1606; x_wconf 90' lang='lat' dir='ltr'>altissimus</span> <span class='ocrx_word' id='word_1_110' title='bbox 748 1547 940 1623; x_wconf 86' lang='lat' dir='ltr'>impendebat,</span> <span class='ocrx_word' id='word_1_111' title='bbox 962 1557 994 1606; x_wconf 95' lang='lat' dir='ltr'>ut</span> <span class='ocrx_word' id='word_1_112' title='bbox 1021 1546 1103 1604; x_wconf 88' lang='lat' dir='ltr'>facile</span> <span class='ocrx_word' id='word_1_113' title='bbox 1130 1563 1195 1622; x_wconf 91' lang='lat' dir='ltr'>per·</span> 
     </span>
     <span class='ocr_line' id='line_1_15' title="bbox 211 1643 1195 1722; baseline 0 -22"><span class='ocrx_word' id='word_1_114' title='bbox 211 1643 296 1718; x_wconf 92' lang='lat' dir='ltr'>pauci</span> <span class='ocrx_word' id='word_1_115' title='bbox 313 1643 465 1719; x_wconf 89' lang='lat' dir='ltr'>prohibere</span> <span class='ocrx_word' id='word_1_116' title='bbox 483 1653 621 1720; x_wconf 88' lang='lat' dir='ltr'>possent:</span> <span class='ocrx_word' id='word_1_117' title='bbox 642 1645 762 1703; x_wconf 89' lang='lat' dir='ltr'>alterum</span> <span class='ocrx_word' id='word_1_118' title='bbox 786 1663 838 1720; x_wconf 91' lang='lat' dir='ltr'>per</span> <span class='ocrx_word' id='word_1_119' title='bbox 858 1645 1035 1722; x_wconf 91' lang='lat' dir='ltr'>provinciam</span> <span class='ocrx_word' id='word_1_120' title='bbox 1056 1654 1195 1716; x_wconf 88' lang='lat' dir='ltr'>nostram,</span> 
     </span>
     <span class='ocr_line' id='line_1_16' title="bbox 169 1741 1196 1820; baseline 0.001 -22"><span class='ocrx_word' id='word_1_121' title='bbox 169 1750 198 1820; x_wconf 63' lang='lat'>15</span> <span class='ocrx_word' id='word_1_122' title='bbox 211 1741 301 1799; x_wconf 92' lang='lat' dir='ltr'>multo</span> <span class='ocrx_word' id='word_1_123' title='bbox 322 1741 432 1800; x_wconf 84' lang='lat' dir='ltr'>facilius</span> <span class='ocrx_word' id='word_1_124' title='bbox 453 1751 539 1818; x_wconf 90' lang='lat' dir='ltr'>atque</span> <span class='ocrx_word' id='word_1_125' title='bbox 560 1742 728 1818; x_wconf 83' lang='lat' dir='ltr'>expeditius,</span> <span class='ocrx_word' id='word_1_126' title='bbox 749 1751 902 1819; x_wconf 90' lang='lat' dir='ltr'>propterea</span> <span class='ocrx_word' id='word_1_127' title='bbox 929 1742 1009 1819; x_wconf 93' lang='lat' dir='ltr'>quod</span> <span class='ocrx_word' id='word_1_128' title='bbox 1029 1743 1103 1800; x_wconf 90' lang='lat' dir='ltr'>inter</span> <span class='ocrx_word' id='word_1_129' title='bbox 1123 1742 1196 1800; x_wconf 89' lang='lat' dir='ltr'>fines</span> 
     </span>
     <span class='ocr_line' id='line_1_17' title="bbox 212 1837 1196 1916; baseline 0 -20"><span class='ocrx_word' id='word_1_130' title='bbox 212 1837 411 1896; x_wconf 90' lang='lat' dir='ltr'>Helvetiomm</span> <span class='ocrx_word' id='word_1_131' title='bbox 433 1848 462 1898; x_wconf 92' lang='lat' dir='ltr'>et</span> <span class='ocrx_word' id='word_1_132' title='bbox 485 1840 685 1916; x_wconf 86' lang='lat' dir='ltr'>Allobrogum,</span> <span class='ocrx_word' id='word_1_133' title='bbox 708 1840 757 1916; x_wconf 90' lang='lat' dir='ltr'>qui</span> <span class='ocrx_word' id='word_1_134' title='bbox 777 1858 870 1916; x_wconf 91' lang='lat' dir='ltr'>nuper</span> <span class='ocrx_word' id='word_1_135' title='bbox 889 1840 983 1916; x_wconf 86' lang='lat' dir='ltr'>pacati</span> <span class='ocrx_word' id='word_1_136' title='bbox 1004 1849 1092 1911; x_wconf 90' lang='lat' dir='ltr'>erant,</span> <span class='ocrx_word' id='word_1_137' title='bbox 1115 1839 1196 1897; x_wconf 92' lang='lat' dir='ltr'>Rho-</span> 
     </span>
     <span class='ocr_line' id='line_1_18' title="bbox 212 1936 1197 2013; baseline -0.002 -17"><span class='ocrx_word' id='word_1_138' title='bbox 212 1936 304 1996; x_wconf 88' lang='lat' dir='ltr'>danus</span> <span class='ocrx_word' id='word_1_139' title='bbox 318 1936 387 2009; x_wconf 88' lang='lat' dir='ltr'>fluit,</span> <span class='ocrx_word' id='word_1_140' title='bbox 403 1937 484 2013; x_wconf 90' lang='lat' dir='ltr'>isque</span> <span class='ocrx_word' id='word_1_141' title='bbox 498 1937 643 1996; x_wconf 92' lang='lat' dir='ltr'>nonnullis</span> <span class='ocrx_word' id='word_1_142' title='bbox 662 1938 734 1996; x_wconf 92' lang='lat' dir='ltr'>locis</span> <span class='ocrx_word' id='word_1_143' title='bbox 753 1938 827 1996; x_wconf 88' lang='lat' dir='ltr'>vado</span> <span class='ocrx_word' id='word_1_144' title='bbox 845 1939 987 1996; x_wconf 88' lang='lat' dir='ltr'>transitur.</span> <span class='ocrx_word' id='word_1_145' title='bbox 1028 1937 1197 1996; x_wconf 84' lang='lat' dir='ltr'>Extremum</span> 
     </span>
     <span class='ocr_line' id='line_1_19' title="bbox 212 2034 1197 2111; baseline 0 -19"><span class='ocrx_word' id='word_1_146' title='bbox 212 2034 353 2110; x_wconf 91' lang='lat' dir='ltr'>oppidum</span> <span class='ocrx_word' id='word_1_147' title='bbox 373 2035 564 2111; x_wconf 88' lang='lat' dir='ltr'>Allobrogum</span> <span class='ocrx_word' id='word_1_148' title='bbox 584 2043 628 2094; x_wconf 89' lang='lat' dir='ltr'>est</span> <span class='ocrx_word' id='word_1_149' title='bbox 644 2035 865 2110; x_wconf 81' lang='lat' dir='ltr'>proximumque</span> <span class='ocrx_word' id='word_1_150' title='bbox 880 2035 1078 2094; x_wconf 90' lang='lat' dir='ltr'>Helvetiorum</span> <span class='ocrx_word' id='word_1_151' title='bbox 1093 2035 1197 2092; x_wconf 91' lang='lat' dir='ltr'>finibus</span> 
     </span>
     <span class='ocr_line' id='line_1_20' title="bbox 213 2131 1198 2210; baseline -0.003 -17"><span class='ocrx_word' id='word_1_152' title='bbox 213 2133 340 2193; x_wconf 87' lang='lat' dir='ltr'>Genava.</span> <span class='ocrx_word' id='word_1_153' title='bbox 382 2133 428 2193; x_wconf 82' lang='lat' dir='ltr'>Ex</span> <span class='ocrx_word' id='word_1_154' title='bbox 449 2151 485 2192; x_wconf 91' lang='lat' dir='ltr'>eo</span> <span class='ocrx_word' id='word_1_155' title='bbox 503 2133 612 2209; x_wconf 92' lang='lat' dir='ltr'>oppido</span> <span class='ocrx_word' id='word_1_156' title='bbox 631 2150 707 2210; x_wconf 92' lang='lat' dir='ltr'>pons</span> <span class='ocrx_word' id='word_1_157' title='bbox 724 2132 761 2191; x_wconf 90' lang='lat' dir='ltr'>ad</span> <span class='ocrx_word' id='word_1_158' title='bbox 781 2132 931 2192; x_wconf 89' lang='lat' dir='ltr'>Helvetios</span> <span class='ocrx_word' id='word_1_159' title='bbox 945 2135 1076 2210; x_wconf 85' lang='lat' dir='ltr'>pertinet.</span> <span class='ocrx_word' id='word_1_160' title='bbox 1118 2131 1198 2190; x_wconf 88' lang='lat' dir='ltr'>Allo-</span> 
     </span>
     <span class='ocr_line' id='line_1_21' title="bbox 170 2230 1197 2307; baseline 0.002 -21"><span class='ocrx_word' id='word_1_161' title='bbox 170 2231 350 2306; x_wconf 68' lang='lat' dir='ltr'>nobrogibus</span> <span class='ocrx_word' id='word_1_162' title='bbox 373 2250 437 2290; x_wconf 88' lang='lat' dir='ltr'>sese</span> <span class='ocrx_word' id='word_1_163' title='bbox 464 2232 508 2290; x_wconf 93' lang='lat' dir='ltr'>vel</span> <span class='ocrx_word' id='word_1_164' title='bbox 529 2248 725 2307; x_wconf 90' lang='lat' dir='ltr'>persuasuros,</span> <span class='ocrx_word' id='word_1_165' title='bbox 747 2231 827 2306; x_wconf 93' lang='lat' dir='ltr'>quod</span> <span class='ocrx_word' id='word_1_166' title='bbox 847 2231 979 2290; x_wconf 90' lang='lat' dir='ltr'>nondum</span> <span class='ocrx_word' id='word_1_167' title='bbox 999 2232 1079 2289; x_wconf 92' lang='lat' dir='ltr'>bono</span> <span class='ocrx_word' id='word_1_168' title='bbox 1100 2230 1197 2288; x_wconf 90' lang='lat' dir='ltr'>animo</span> 
     </span>
     <span class='ocr_line' id='line_1_22' title="bbox 161 2327 1198 2405; baseline -0.007 -14"><span class='ocrx_word' id='word_1_169' title='bbox 161 2385 164 2391; x_wconf 80' lang='grc'>,</span> <span class='ocrx_word' id='word_1_170' title='bbox 213 2330 242 2388; x_wconf 92' lang='lat' dir='ltr'>in</span> <span class='ocrx_word' id='word_1_171' title='bbox 276 2330 416 2405; x_wconf 90' lang='lat' dir='ltr'>populum</span> <span class='ocrx_word' id='word_1_172' title='bbox 448 2329 616 2389; x_wconf 91' lang='lat' dir='ltr'>Romanum</span> <span class='ocrx_word' id='word_1_173' title='bbox 647 2328 817 2398; x_wconf 88' lang='lat' dir='ltr'>viderentur,</span> <span class='ocrx_word' id='word_1_174' title='bbox 848 2328 1057 2398; x_wconf 88' lang='lat' dir='ltr'>existimabant,</span> <span class='ocrx_word' id='word_1_175' title='bbox 1089 2327 1134 2385; x_wconf 89' lang='lat' dir='ltr'>vel</span> <span class='ocrx_word' id='word_1_176' title='bbox 1171 2327 1198 2384; x_wconf 88' lang='lat' dir='ltr'>vi</span> 
     </span>
     <span class='ocr_line' id='line_1_23' title="bbox 213 2424 1199 2502; baseline -0.004 -14"><span class='ocrx_word' id='word_1_177' title='bbox 213 2440 374 2499; x_wconf 90' lang='lat' dir='ltr'>coacturos,</span> <span class='ocrx_word' id='word_1_178' title='bbox 391 2437 424 2486; x_wconf 89' lang='lat' dir='ltr'>ut</span> <span class='ocrx_word' id='word_1_179' title='bbox 444 2445 496 2502; x_wconf 93' lang='lat' dir='ltr'>per</span> <span class='ocrx_word' id='word_1_180' title='bbox 517 2444 585 2484; x_wconf 92' lang='lat' dir='ltr'>suos</span> <span class='ocrx_word' id='word_1_181' title='bbox 604 2425 677 2484; x_wconf 89' lang='lat' dir='ltr'>fines</span> <span class='ocrx_word' id='word_1_182' title='bbox 699 2443 749 2484; x_wconf 90' lang='lat' dir='ltr'>eos</span> <span class='ocrx_word' id='word_1_183' title='bbox 773 2425 814 2482; x_wconf 90' lang='lat' dir='ltr'>ire</span> <span class='ocrx_word' id='word_1_184' title='bbox 840 2435 1013 2501; x_wconf 87' lang='lat' dir='ltr'>paterentur.</span> <span class='ocrx_word' id='word_1_185' title='bbox 1054 2424 1199 2485; x_wconf 90' lang='lat' dir='ltr'>Omnibus</span> 
     </span>
     <span class='ocr_line' id='line_1_24' title="bbox 213 2523 1200 2601; baseline -0.003 -14"><span class='ocrx_word' id='word_1_186' title='bbox 213 2529 298 2587; x_wconf 91' lang='lat' dir='ltr'>rebus</span> <span class='ocrx_word' id='word_1_187' title='bbox 326 2525 363 2586; x_wconf 94' lang='lat' dir='ltr'>ad</span> <span class='ocrx_word' id='word_1_188' title='bbox 390 2525 599 2601; x_wconf 88' lang='lat' dir='ltr'>prosectionem</span> <span class='ocrx_word' id='word_1_189' title='bbox 627 2523 799 2598; x_wconf 88' lang='lat' dir='ltr'>comparatis</span> <span class='ocrx_word' id='word_1_190' title='bbox 827 2523 903 2580; x_wconf 90' lang='lat' dir='ltr'>diem</span> <span class='ocrx_word' id='word_1_191' title='bbox 932 2523 1038 2595; x_wconf 86' lang='lat' dir='ltr'>dicunt,</span> <span class='ocrx_word' id='word_1_192' title='bbox 1067 2541 1125 2598; x_wconf 89' lang='lat' dir='ltr'>qua</span> <span class='ocrx_word' id='word_1_193' title='bbox 1153 2525 1200 2584; x_wconf 89' lang='lat' dir='ltr'>die</span> 
     </span>
     <span class='ocr_line' id='line_1_25' title="bbox 214 2620 1198 2701; baseline -0.006 -15"><span class='ocrx_word' id='word_1_194' title='bbox 214 2628 252 2686; x_wconf 92' lang='lat' dir='ltr'>ad</span> <span class='ocrx_word' id='word_1_195' title='bbox 279 2627 372 2701; x_wconf 92' lang='lat' dir='ltr'>ripam</span> <span class='ocrx_word' id='word_1_196' title='bbox 400 2622 536 2682; x_wconf 87' lang='lat' dir='ltr'>Rhodani</span> <span class='ocrx_word' id='word_1_197' title='bbox 564 2639 666 2681; x_wconf 91' lang='lat' dir='ltr'>omnes</span> <span class='ocrx_word' id='word_1_198' title='bbox 687 2621 865 2680; x_wconf 88' lang='lat' dir='ltr'>conveniant.</span> <span class='ocrx_word' id='word_1_199' title='bbox 908 2621 938 2679; x_wconf 92' lang='lat' dir='ltr'>Is</span> <span class='ocrx_word' id='word_1_200' title='bbox 960 2620 1021 2680; x_wconf 90' lang='lat' dir='ltr'>dies</span> <span class='ocrx_word' id='word_1_201' title='bbox 1043 2629 1103 2682; x_wconf 82' lang='lat' dir='ltr'>erat</span> <span class='ocrx_word' id='word_1_202' title='bbox 1123 2639 1149 2680; x_wconf 85' lang='lat' dir='ltr'>a.</span> <span class='ocrx_word' id='word_1_203' title='bbox 1171 2622 1198 2680; x_wconf 93' lang='lat' dir='ltr'>d.</span> 
     </span>
     <span class='ocr_line' id='line_1_26' title="bbox 171 2717 1023 2798; baseline -0.004 -17"><span class='ocrx_word' id='word_1_204' title='bbox 171 2737 200 2788; x_wconf 82' lang='lat'>²5</span> <span class='ocrx_word' id='word_1_205' title='bbox 214 2722 251 2781; x_wconf 89' lang='lat' dir='ltr'>V.</span> <span class='ocrx_word' id='word_1_206' title='bbox 273 2721 339 2781; x_wconf 90' lang='lat' dir='ltr'>Kal.</span> <span class='ocrx_word' id='word_1_207' title='bbox 361 2721 430 2798; x_wconf 84' lang='lat' dir='ltr'>Apr.</span> <span class='ocrx_word' id='word_1_208' title='bbox 452 2719 486 2779; x_wconf 91' lang='lat' dir='ltr'>L.</span> <span class='ocrx_word' id='word_1_209' title='bbox 508 2719 621 2790; x_wconf 91' lang='lat' dir='ltr'>Pisone,</span> <span class='ocrx_word' id='word_1_210' title='bbox 643 2719 678 2777; x_wconf 89' lang='lat' dir='ltr'>A.</span> <span class='ocrx_word' id='word_1_211' title='bbox 700 2717 826 2778; x_wconf 87' lang='lat' dir='ltr'>Gabinio</span> <span class='ocrx_word' id='word_1_212' title='bbox 848 2719 1023 2778; x_wconf 87' lang='lat' dir='ltr'>consulibus.</span> 
     </span>
    </p>

    <p class='ocr_par' dir='ltr' id='par_1_3' title="bbox 214 2816 1202 3187">
     <span class='ocr_line' id='line_1_27' title="bbox 254 2816 1200 2893; baseline -0.007 -11"><span class='ocrx_word' id='word_1_213' title='bbox 254 2826 283 2882; x_wconf 85' lang='lat'>7.</span> <span class='ocrx_word' id='word_1_214' title='bbox 312 2819 428 2880; x_wconf 91' lang='lat' dir='ltr'>Caesari</span> <span class='ocrx_word' id='word_1_215' title='bbox 449 2837 521 2877; x_wconf 81' lang='lat' dir='ltr'>cum.</span> <span class='ocrx_word' id='word_1_216' title='bbox 536 2817 565 2876; x_wconf 95' lang='lat' dir='ltr'>id</span> <span class='ocrx_word' id='word_1_217' title='bbox 586 2817 747 2874; x_wconf 89' lang='lat' dir='ltr'>nuntiatum</span> <span class='ocrx_word' id='word_1_218' title='bbox 768 2826 851 2888; x_wconf 89' lang='lat' dir='ltr'>esset,</span> <span class='ocrx_word' id='word_1_219' title='bbox 872 2834 924 2874; x_wconf 88' lang='lat' dir='ltr'>eos</span> <span class='ocrx_word' id='word_1_220' title='bbox 951 2835 1002 2892; x_wconf 90' lang='lat' dir='ltr'>per</span> <span class='ocrx_word' id='word_1_221' title='bbox 1022 2816 1200 2893; x_wconf 88' lang='lat' dir='ltr'>provinciam</span> 
     </span>
     <span class='ocr_line' id='line_1_28' title="bbox 214 2913 1202 2989; baseline -0.002 -13"><span class='ocrx_word' id='word_1_222' title='bbox 214 2927 343 2976; x_wconf 86' lang='lat' dir='ltr'>nostram</span> <span class='ocrx_word' id='word_1_223' title='bbox 363 2917 416 2974; x_wconf 90' lang='lat' dir='ltr'>iter</span> <span class='ocrx_word' id='word_1_224' title='bbox 436 2915 529 2974; x_wconf 83' lang='lat' dir='ltr'>facere</span> <span class='ocrx_word' id='word_1_225' title='bbox 558 2914 664 2985; x_wconf 88' lang='lat' dir='ltr'>conari,</span> <span class='ocrx_word' id='word_1_226' title='bbox 685 2923 809 2972; x_wconf 88' lang='lat' dir='ltr'>maturat</span> <span class='ocrx_word' id='word_1_227' title='bbox 836 2914 873 2972; x_wconf 91' lang='lat' dir='ltr'>ab</span> <span class='ocrx_word' id='word_1_228' title='bbox 901 2915 972 2971; x_wconf 91' lang='lat' dir='ltr'>urbe</span> <span class='ocrx_word' id='word_1_229' title='bbox 1000 2913 1144 2989; x_wconf 90' lang='lat' dir='ltr'>proficisci</span> <span class='ocrx_word' id='word_1_230' title='bbox 1172 2924 1202 2974; x_wconf 93' lang='lat' dir='ltr'>et</span> 
     </span>
     <span class='ocr_line' id='line_1_29' title="bbox 214 3010 1202 3092; baseline -0.002 -20"><span class='ocrx_word' id='word_1_231' title='bbox 214 3033 302 3092; x_wconf 89' lang='lat' dir='ltr'>quarn</span> <span class='ocrx_word' id='word_1_232' title='bbox 336 3015 469 3072; x_wconf 85' lang='lat' dir='ltr'>maximis</span> <span class='ocrx_word' id='word_1_233' title='bbox 503 3021 599 3089; x_wconf 92' lang='lat' dir='ltr'>potest</span> <span class='ocrx_word' id='word_1_234' title='bbox 632 3011 778 3070; x_wconf 88' lang='lat' dir='ltr'>itineribus</span> <span class='ocrx_word' id='word_1_235' title='bbox 813 3011 843 3070; x_wconf 91' lang='lat' dir='ltr'>in</span> <span class='ocrx_word' id='word_1_236' title='bbox 878 3010 1003 3070; x_wconf 88' lang='lat' dir='ltr'>Galliam</span> <span class='ocrx_word' id='word_1_237' title='bbox 1037 3011 1202 3070; x_wconf 90' lang='lat' dir='ltr'>ulteriorem</span> 
     </span>
     <span class='ocr_line' id='line_1_30' title="bbox 215 3109 1202 3187; baseline -0.007 -11"><span class='ocrx_word' id='word_1_238' title='bbox 215 3115 364 3176; x_wconf 90' lang='lat' dir='ltr'>contendit</span> <span class='ocrx_word' id='word_1_239' title='bbox 384 3123 413 3172; x_wconf 91' lang='lat' dir='ltr'>et</span> <span class='ocrx_word' id='word_1_240' title='bbox 434 3113 471 3172; x_wconf 91' lang='lat' dir='ltr'>ad</span> <span class='ocrx_word' id='word_1_241' title='bbox 492 3112 642 3172; x_wconf 90' lang='lat' dir='ltr'>Genavam</span> <span class='ocrx_word' id='word_1_242' title='bbox 662 3111 797 3186; x_wconf 89' lang='lat' dir='ltr'>pervenit.</span> <span class='ocrx_word' id='word_1_243' title='bbox 839 3109 1006 3169; x_wconf 89' lang='lat' dir='ltr'>Provinciae</span> <span class='ocrx_word' id='word_1_244' title='bbox 1033 3110 1085 3168; x_wconf 89' lang='lat' dir='ltr'>toti</span> <span class='ocrx_word' id='word_1_245' title='bbox 1113 3129 1202 3187; x_wconf 88' lang='lat' dir='ltr'>quam</span> 
     </span>
    </p>

    <p class='ocr_par' dir='ltr' id='par_1_4' title="bbox 172 3205 1282 3582">
     <span class='ocr_line' id='line_1_31' title="bbox 172 3205 1202 3288; baseline -0.006 -16"><span class='ocrx_word' id='word_1_246' title='bbox 172 3214 374 3273; x_wconf 74' lang='lat' dir='ltr'>semaximum</span> <span class='ocrx_word' id='word_1_247' title='bbox 395 3220 490 3288; x_wconf 91' lang='lat' dir='ltr'>potest</span> <span class='ocrx_word' id='word_1_248' title='bbox 509 3211 631 3268; x_wconf 91' lang='lat' dir='ltr'>militum</span> <span class='ocrx_word' id='word_1_249' title='bbox 658 3226 811 3266; x_wconf 90' lang='lat' dir='ltr'>numerum</span> <span class='ocrx_word' id='word_1_250' title='bbox 839 3209 961 3285; x_wconf 89' lang='lat' dir='ltr'>imperat</span> <span class='ocrx_word' id='word_1_251' title='bbox 982 3205 1053 3287; x_wconf 84' lang='lat' dir='ltr'>(erat</span> <span class='ocrx_word' id='word_1_252' title='bbox 1080 3209 1202 3267; x_wconf 92' lang='lat' dir='ltr'>omnino</span> 
     </span>
     <span class='ocr_line' id='line_1_32' title="bbox 216 3303 1282 3384; baseline -0.008 -14"><span class='ocrx_word' id='word_1_253' title='bbox 216 3312 247 3370; x_wconf 91' lang='lat' dir='ltr'>in</span> <span class='ocrx_word' id='word_1_254' title='bbox 262 3310 356 3369; x_wconf 87' lang='lat' dir='ltr'>Gallia</span> <span class='ocrx_word' id='word_1_255' title='bbox 370 3310 501 3368; x_wconf 90' lang='lat' dir='ltr'>ulteriore</span> <span class='ocrx_word' id='word_1_256' title='bbox 516 3309 591 3384; x_wconf 86' lang='lat' dir='ltr'>legio</span> <span class='ocrx_word' id='word_1_257' title='bbox 612 3303 692 3384; x_wconf 90' lang='lat' dir='ltr'>una),</span> <span class='ocrx_word' id='word_1_258' title='bbox 706 3315 834 3381; x_wconf 87' lang='lat' dir='ltr'>pontem,</span> <span class='ocrx_word' id='word_1_259' title='bbox 850 3307 899 3381; x_wconf 93' lang='lat' dir='ltr'>qui</span> <span class='ocrx_word' id='word_1_260' title='bbox 917 3315 976 3364; x_wconf 88' lang='lat' dir='ltr'>erat</span> <span class='ocrx_word' id='word_1_261' title='bbox 990 3305 1026 3365; x_wconf 90' lang='lat' dir='ltr'>ad</span> <span class='ocrx_word' id='word_1_262' title='bbox 1041 3305 1202 3376; x_wconf 87' lang='lat' dir='ltr'>Genavam,</span> <span class='ocrx_word' id='word_1_263' title='bbox 1281 3375 1282 3378; x_wconf 8' lang='grc' dir='ltr'><strong>Ἴ</strong></span> 
     </span>
     <span class='ocr_line' id='line_1_33' title="bbox 217 3385 1282 3480; baseline -0.007 -14"><span class='ocrx_word' id='word_1_264' title='bbox 217 3409 295 3466; x_wconf 88' lang='lat' dir='ltr'>iubet</span> <span class='ocrx_word' id='word_1_265' title='bbox 309 3407 439 3466; x_wconf 90' lang='lat' dir='ltr'>rescindi.</span> <span class='ocrx_word' id='word_1_266' title='bbox 481 3405 540 3464; x_wconf 92' lang='lat' dir='ltr'>Ubi</span> <span class='ocrx_word' id='word_1_267' title='bbox 557 3405 593 3464; x_wconf 93' lang='lat' dir='ltr'>de</span> <span class='ocrx_word' id='word_1_268' title='bbox 616 3406 678 3480; x_wconf 91' lang='lat' dir='ltr'>ejus</span> <span class='ocrx_word' id='word_1_269' title='bbox 699 3406 823 3463; x_wconf 87' lang='lat' dir='ltr'>adventu</span> <span class='ocrx_word' id='word_1_270' title='bbox 843 3403 967 3464; x_wconf 88' lang='lat' dir='ltr'>Helvetii</span> <span class='ocrx_word' id='word_1_271' title='bbox 988 3405 1121 3462; x_wconf 86' lang='lat' dir='ltr'>certiores</span> <span class='ocrx_word' id='word_1_272' title='bbox 1135 3402 1204 3460; x_wconf 87' lang='lat' dir='ltr'>facti</span> <span class='ocrx_word' id='word_1_273' title='bbox 1281 3385 1282 3405; x_wconf 48' lang='lat'>¹</span> 
     </span>
     <span class='ocr_line' id='line_1_34' title="bbox 218 3501 1281 3582; baseline -0.005 -17"><span class='ocrx_word' id='word_1_274' title='bbox 218 3515 294 3579; x_wconf 90' lang='lat' dir='ltr'>sunt,</span> <span class='ocrx_word' id='word_1_275' title='bbox 321 3506 432 3582; x_wconf 86' lang='lat' dir='ltr'>legatos</span> <span class='ocrx_word' id='word_1_276' title='bbox 461 3505 498 3563; x_wconf 88' lang='lat' dir='ltr'>ad</span> <span class='ocrx_word' id='word_1_277' title='bbox 526 3522 592 3563; x_wconf 91' lang='lat' dir='ltr'>eum</span> <span class='ocrx_word' id='word_1_278' title='bbox 620 3506 735 3562; x_wconf 88' lang='lat' dir='ltr'>mittunt</span> <span class='ocrx_word' id='word_1_279' title='bbox 756 3504 950 3563; x_wconf 91' lang='lat' dir='ltr'>nobilissimos</span> <span class='ocrx_word' id='word_1_280' title='bbox 973 3502 1099 3573; x_wconf 90' lang='lat' dir='ltr'>civitatis,</span> <span class='ocrx_word' id='word_1_281' title='bbox 1122 3501 1204 3560; x_wconf 90' lang='lat' dir='ltr'>cuius</span> <span class='ocrx_word' id='word_1_282' title='bbox 1280 3549 1281 3552; x_wconf 15' lang='grc' dir='ltr'>η</span> 
     </span>
    </p>
   </div>
   <div class='ocr_carea' id='block_1_3' title="bbox 0 0 1319 3934">
    <p class='ocr_par' dir='ltr' id='par_1_5' title="bbox 0 0 1319 3934">
     <span class='ocr_line' id='line_1_35' title="bbox 0 0 1319 3934; baseline 0 0"><span class='ocrx_word' id='word_1_283' title='bbox 0 0 1319 3934; x_wconf 95' lang='lat' dir='ltr'> </span> 
     </span>
    </p>
   </div>
  </div>
 </body>
</html>
