2606 3934
211 240 253 287 20
362 223 368 234 '
536 239 565 290 e.
587 239 681 286 rurrr
702 237 875 287 crasrnrs
1166 245 1187 292 1.

210 385 331 461 imperio
353 385 453 462 populi
480 385 609 444 Romani
635 387 832 463 turpissimum
860 385 913 446 sibi
941 394 969 446 et
996 385 1037 446 rei
1064 387 1190 464 publicae

209 501 274 542 esse
296 485 491 543 arbitrabatur.
532 483 674 542 Paulatim
695 494 792 542 autem
815 483 979 544 Germanos
1008 503 1191 545 consuescere

209 581 346 640 Rhenum
360 583 480 641 transire
494 583 566 640 etin
581 580 704 640 Galliam
718 600 856 657 magnam
870 600 971 641 eorum
985 583 1191 656 multitudinem

209 681 305 738 venire
334 679 444 757 populo
472 679 609 738 Romano
636 680 829 755 periculosum
857 681 990 753 videbat;
1020 699 1114 756 neque
1141 681 1192 740 sibi

181 777 343 843 5homines
362 777 439 836 feros
464 796 499 836 ac
520 778 659 836 barbaros
677 787 886 853 temperaturos
906 779 1094 850 existimabat,
1117 779 1191 855 quin,

209 893 276 934 curn
296 892 415 934 omnem
435 873 560 934 Galliam
580 875 808 950 occupavissent,
824 885 856 933 ut
874 884 941 934 ante
961 875 1071 935 Cimbri
1085 876 1193 935 Teuto⁴

208 973 297 1048 nique
311 973 454 1043 fecissent,
470 973 499 1030 in
518 974 696 1049 provinciam
716 973 824 1032 exirent
843 984 928 1050 atque
947 974 1017 1033 inde
1038 975 1068 1032 in
1082 974 1193 1032 Italiam

209 1073 425 1142 contenderent,
440 1073 608 1148 praesertim
629 1091 696 1130 cum
719 1071 870 1148 Sequanos
892 1091 909 1131 a
930 1074 1078 1149 provincia
1097 1085 1194 1134 nostra

209 1167 371 1228 Rhodanus
395 1170 553 1242 divideret3
576 1171 680 1246 quibus
696 1170 781 1228 rebus
803 1188 891 1246 quam
911 1172 1077 1230 maturrime
1096 1190 1195 1230 occur-

167 1281 197 1316 10
208 1267 331 1326 rendum
345 1269 471 1344 putabat.
514 1268 582 1344 Ipse
600 1278 697 1326 autem
715 1268 875 1326 Ariovistus
892 1277 988 1327 tantos
1003 1269 1057 1328 sibi
1072 1270 1196 1345 spirituS,

208 1375 317 1423 tantam
342 1367 537 1442 arrogantiam
558 1375 728 1442 sumpserat,
751 1375 781 1423 ut
801 1365 936 1425 ferendus
960 1384 1021 1424 non
1042 1367 1194 1425 videretur.

207 1469 258 1522 34.
281 1463 481 1536 Quamobrem
494 1463 601 1541 placuit
613 1465 649 1535 ei,
660 1472 692 1521 ut
705 1463 743 1522 ad
756 1463 931 1522 Ariovistum
945 1465 1055 1540 legatos
1064 1466 1195 1536 mitteret,

207 1561 257 1636 qui
272 1563 309 1620 ab
323 1579 359 1620 eo
378 1563 565 1638 postularent,
583 1563 624 1620 uti
644 1562 767 1638 aliquem
786 1561 884 1620 locum
903 1563 1031 1621 medium
1049 1565 1197 1640 utriusque

208 1659 354 1734 colloquio
366 1660 519 1735 deligeret:
536 1659 606 1717 velle
620 1677 683 1718 sese
697 1659 734 1717 de
747 1678 777 1717 re
792 1660 907 1735 publica
917 1669 946 1717 et
960 1661 1080 1719 summis
1094 1661 1197 1719 utrius·

167 1773 195 1823 15
209 1775 265 1831 que
279 1759 364 1846 rebus
379 1775 446 1814 cum
460 1775 496 1815 eo
511 1775 604 1832 agere.
646 1755 682 1813 Ei
701 1757 838 1832 legationi
852 1757 1012 1816 Ariovistus
1029 1759 1197 1834 respondit:

210 1853 331 1931 Siquid
352 1855 406 1930 ipsi
427 1873 445 1913 a
466 1854 589 1914 Caesare
613 1873 688 1930 opus
709 1864 793 1926 esset,
815 1873 878 1914 sese
899 1855 937 1914 ad
958 1874 1024 1914 eum
1045 1867 1198 1915 venturum

209 1952 314 2026 fuisse;
342 1953 366 2012 si
390 1953 460 2029 quid
482 1953 529 2010 ille
553 1971 583 2012 se
605 1953 679 2023 velit,
704 1953 784 2010 illurn
809 1953 846 2010 ad
870 1970 902 2011 se
929 1955 1025 2012 venire
1053 1965 1196 2030 oportere.

209 2048 360 2111 Praeterea
378 2070 409 2110 se
423 2070 518 2127 neque
535 2052 596 2109 sine
611 2051 736 2110 exercitu
750 2051 780 2108 in
800 2069 849 2110 eas
863 2061 958 2126 partes
972 2051 1083 2111 Galliae
1102 2054 1200 2112 venire

208 2152 322 2222 audere,
337 2169 409 2228 quas
424 2150 531 2209 Caesar
545 2149 713 2226 possideret,
728 2167 823 2226 neque
838 2151 994 2208 exercitum
1012 2151 1073 2209 sine
1088 2169 1199 2228 magno

165 2265 196 2299 ²0
208 2259 372 2308 commeatu
403 2258 488 2324 atque
520 2248 691 2306 molimento
723 2247 754 2303 in
786 2265 876 2304 unum
903 2248 1000 2306 locum
1029 2249 1201 2308 contrahere

208 2365 303 2422 posse.
346 2345 406 2404 Sibi
426 2355 523 2403 autem
543 2345 648 2402 mirum
668 2343 764 2414 videri,
779 2344 850 2418 quid
870 2345 900 2402 in
921 2363 973 2404 sua
993 2346 1094 2418 Gallia,
1110 2365 1201 2424 quarn

208 2444 285 2502 bello
314 2444 436 2514 vicisset,
465 2452 514 2501 aut
544 2441 661 2500 Caesari
692 2450 742 2499 aut
768 2441 889 2499 omnino
917 2443 1026 2518 populo
1059 2445 1201 2503 Romano

208 2542 317 2618 negotii
331 2549 414 2599 esset.
427 2531 429 2534 ’
455 2547 509 2599 35.
530 2539 587 2597 His
601 2539 747 2614 responsis
761 2539 799 2595 ad
813 2537 967 2596 Caesarem
981 2540 1075 2599 relatis
1094 2543 1204 2602 iterum

208 2640 247 2698 ad
263 2657 330 2697 eum
348 2625 453 2696 Caesar
473 2638 584 2713 legatos
606 2655 672 2695 curn
693 2617 737 2694 his
758 2636 901 2696 mandatis
922 2638 1025 2700 mittit:
1047 2638 1205 2710 Quoniam

165 2749 195 2798 α5
208 2746 288 2795 tanto
322 2753 375 2794 suo
402 2735 560 2812 populique
588 2733 715 2792 Romani
743 2734 886 2792 beneficio
913 2733 1043 2806 affectus,
1072 2754 1140 2794 curn
1170 2739 1206 2796 in

208 2834 359 2892 consulatu
381 2851 434 2891 suo
461 2851 513 2890 rex
536 2841 622 2907 atque
643 2833 753 2890 amicus
777 2842 909 2890 asenatu
930 2833 1088 2908 appellatus
1113 2845 1208 2906 esset,

207 2932 283 2990 hanc
304 2933 358 2990 sibi
379 2931 546 3008 populoque
568 2930 704 2988 Romano
725 2930 845 3006 gratiam
865 2929 989 3002 referret,
1004 2941 1035 2989 ut
1056 2931 1086 2988 in
1107 2931 1209 2992 collo-

207 3031 307 3108 quium
334 3031 429 3088 venire
456 3029 588 3087 invitatus
616 3039 777 3104 gravaretur
804 3046 898 3104 neque
927 3029 963 3086 de
991 3031 1139 3087 communi
1171 3047 1210 3091 re

207 3129 364 3189 dicendum
388 3127 442 3185 sibi
464 3137 492 3185 et
514 3126 752 3202 cognoscendum
776 3135 895 3202 putaret,
920 3125 992 3185 haec
1019 3145 1093 3198 esse,
1122 3147 1210 3204 quae

164 3247 196 3295 30
207 3230 243 3286 ab
262 3245 298 3285 eo
318 3225 489 3302 postularet:
511 3225 636 3300 primum
658 3241 799 3299 nequam
817 3223 967 3282 hominum
985 3225 1212 3286 multitudinem

208 3325 329 3400 amplius
339 3333 417 3382 trans
428 3322 564 3380 Rhenum
574 3321 605 3379 in
617 3320 740 3380 Galliam
750 3322 926 3395 traduceret;
949 3324 1054 3382 deinde
1069 3325 1213 3398 obsides,

209 3440 281 3498 quos
301 3422 416 3480 haberet
437 3421 473 3478 ab
494 3419 613 3490 Aeduis,
633 3419 765 3478 redderet
793 3418 990 3497 Sequanisque
1010 3424 1213 3498 permitteret,

208 3530 247 3589 ut,
270 3539 344 3597 quos
368 3520 406 3578 illi
431 3519 578 3587 haberent,
601 3516 745 3576 voluntate
767 3517 828 3576 eius
853 3519 971 3578 reddere
998 3520 1052 3580 illis
1080 3521 1188 3580 liceret
1200 3543 1213 3597 ς
