2634 3914
181 148 222 234 98
506 163 535 214 o.
558 162 652 210 torn
673 159 847 211 onrsrnrs
1143 163 1174 213 v.

181 311 313 370 arbitrari·
328 311 489 387 profectum
508 312 542 369 in-
559 311 690 382 Italiam3
711 329 807 387 neque
826 311 907 369 aliter
928 309 1070 370 Carnutes
1090 310 1176 368 inter·

181 409 296 466 ficiendi
316 409 446 484 Tasgetii
465 409 618 467 consilium
635 408 723 466 luisse
743 418 886 485 capturos,
902 427 998 484 neque
1012 408 1176 482 Eburones,¹

183 507 206 566 si
226 506 272 564 ille
290 507 413 576 adesset,
428 515 508 564 tanta
526 507 745 582 contemptione
764 506 854 564 nostri
874 505 912 564 ad
931 516 1024 565 castra
1040 517 1176 566 venturos

102 650 106 661 .
183 621 255 662 esse.
298 603 369 663 Non
392 604 507 662 hostem
536 612 693 674 auctorem,
718 603 770 662 sed
797 621 859 661 rem
887 613 1033 679 spectare:
1055 606 1175 664 subesse

155 700 338 762 5Rhenum:
366 719 475 778 magno
497 719 561 760 esse
591 699 745 760 Germanis
768 700 861 759 dolori
888 701 1024 760 Ariovisti
1051 713 1176 760 mortem

183 810 212 858 et
239 801 401 876 superiores
425 809 538 858 nostras
560 799 709 871 victori'as;
738 799 838 857 ardere
863 797 988 856 Galbam
1012 808 1055 857 tot
1073 811 1175 858 contu·

183 898 276 957 meliis
308 899 435 974 acceptis
468 899 523 956 sub
553 897 655 973 populi
687 897 814 956 Romani
836 897 989 971 imperium
1020 898 1175 968 redactam,

184 997 330 1074 superiore
350 997 441 1072 gloria
460 997 500 1055 rei
521 996 649 1054 militaris
670 995 817 1053 exstincta
860 994 1012 1052 Postremo
1034 995 1097 1071 quis
1118 994 1175 1052 hoc

185 1093 240 1151 sibi
266 1094 458 1169 persuaderet,
488 1095 549 1152 sine
578 1102 656 1152 certa
681 1110 712 1150 re
739 1091 941 1167 Ambiorigem
969 1091 1006 1150 ad
1034 1091 1176 1152 eiusmodi

141 1207 171 1244 ro
184 1191 335 1250 consilium
349 1191 554 1252 descendisse?
592 1191 680 1250 Suam
699 1190 871 1248 sententiam
885 1191 916 1248 in
933 1201 1084 1267 utramque
1098 1201 1175 1266 part·

185 1307 232 1346 em
256 1308 320 1349 esse
343 1299 451 1348 tutam:
482 1290 505 1347 si
526 1289 596 1347 nihil
620 1298 697 1348 esset
721 1287 826 1359 duriuS,
852 1288 932 1346 nullo
956 1306 1024 1346 cum
1048 1289 1175 1365 periculo

184 1386 222 1444 ad
242 1388 405 1462 proximam
426 1387 572 1462 legionem
593 1395 795 1462 perventuros;
824 1387 849 1444 si
870 1383 964 1444 Galba
988 1387 1084 1444 omnis
1108 1404 1176 1444 cum

185 1482 340 1542 Germanis
361 1485 545 1555 consentiret,
564 1502 655 1542 unam
676 1501 740 1542 esse
760 1484 791 1540 in
812 1482 954 1542 celeritate
974 1483 1099 1557 positam
1120 1482 1176 1541 sal·

92 1639 99 1648 ,
186 1592 271 1642 utem.
315 1583 417 1642 Cottae
439 1583 559 1660 quidem
578 1592 665 1659 atque
689 1563 799 1653 eorum,
821 1581 871 1658 qui
891 1581 1085 1653 dissentirent,
1105 1599 1177 1640 con·

142 1695 171 1744 15
186 1681 281 1739 silium
313 1699 400 1757 quem
432 1681 539 1740 habere
572 1681 702 1739 exitum?
737 1681 767 1738 in
798 1697 856 1755 quo
888 1679 912 1737 si
946 1696 1007 1736 non
1039 1697 1177 1755 praesens

186 1777 352 1853 periculum,
367 1787 397 1836 at
410 1787 486 1837 certe
503 1778 664 1854 longinqua
678 1777 829 1835 obsidione
843 1775 935 1835 fames
949 1785 1026 1835 esset
1039 1777 1176 1836 timenda.

186 1881 239 1934 80.
262 1874 328 1934 Hac
352 1877 382 1934 in
406 1885 557 1952 utramque
582 1884 693 1951 partem
717 1873 909 1948 disputatione
937 1873 1041 1944 habita,
1064 1893 1134 1932 cum
1160 1892 1178 1932 a

188 1971 274 2032 Cotta
300 1974 469 2050 primisque
488 1973 638 2032 ordinibus
671 1971 770 2029 acriter
801 1970 993 2028 resisteretur:
1026 1970 1175 2041 ‘Vincite'

187 2070 286 2146 inquit,
306 2072 349 2129 ‘si
362 2071 402 2129 ita
421 2067 522 2140 vultis?
544 2069 676 2137 Sabinus,
692 2076 721 2126 et
740 2067 770 2124 id
791 2065 910 2124 clariore
928 2084 1008 2139 voce,
1023 2077 1055 2125 ut
1069 2087 1178 2145 magna

143 2187 173 2221 20
187 2185 253 2243 pars
263 2168 385 2226 militum
395 2168 542 2227 exaudiret
547 2185 555 2238 ;
575 2171 682 2242 ‘neque
692 2165 717 2223 is
732 2163 814 2235 sum,'
825 2164 925 2241 inquit,
937 2166 1001 2240 ‘qui
1010 2167 1177 2242 gravissime

187 2282 223 2322 ex
250 2265 332 2323 vobis
360 2266 461 2324 mortis
488 2264 617 2340 periculo
647 2273 766 2333 terrear;
794 2261 825 2319 hi
853 2262 981 2338 sapient;
1011 2264 1035 2322 si
1061 2265 1177 2340 gravius

186 2360 260 2435 quid
284 2362 426 2432 acciderit,
454 2363 506 2420 abs
533 2371 562 2420 te
588 2361 729 2418 rationem
755 2369 916 2435 reposcent,
939 2361 997 2437 qui,
1019 2362 1043 2419 si
1069 2381 1122 2437 per
1149 2373 1177 2421 te

186 2456 278 2529 liceat,
293 2459 453 2534 perendino
469 2460 515 2517 die
535 2476 601 2517 cum
622 2457 760 2532 proximis
781 2458 910 2516 hibernis
929 2459 1075 2518 coniuncti
1095 2477 1176 2518 corn·

187 2573 308 2614 munem
340 2575 407 2615 cum
433 2557 548 2632 reliquis
575 2555 643 2615 belli
671 2573 770 2614 casum
797 2557 964 2626 sustineant,
992 2574 1054 2615 non
1081 2558 1179 2616 reiecti

143 2675 171 2723 ²5
187 2662 216 2712 et
239 2653 356 2730 relegati
380 2653 467 2729 longe
491 2654 528 2712 ab
553 2653 654 2712 ceteris
679 2662 728 2711 aut
751 2652 825 2711 ferro
850 2663 900 2710 aut
920 2653 997 2712 fame
1018 2655 1176 2714 intereant?

187 2757 233 2810 31.
256 2751 446 2828 Consurgitur
473 2770 509 2812 ex
539 2752 677 2825 consili03
699 2752 951 2826 comprehendunt
973 2762 1128 2831 utrumque
1150 2765 1180 2814 et

187 2860 279 2920 orant,
298 2869 336 2909 ne
360 2869 412 2910 sua
437 2851 620 2910 dissensione
648 2859 677 2908 et
700 2849 856 2926 pertinacia
882 2869 946 2908 rem
971 2852 1002 2909 in
1030 2871 1179 2912 summum

187 2948 345 3023 periculum
372 2949 536 3008 deducant:
562 2948 675 3007 facilem
701 2966 765 3006 esse
789 2966 859 3018 rem,
882 2965 933 3007 seu
960 2961 1104 3022 maneant,
1126 2970 1181 3010 seu

186 3047 411 3123 proficiscantur,
434 3048 461 3106 si
479 3047 570 3106 modo
591 3064 683 3105 unum
703 3064 805 3104 omnes
831 3048 955 3106 sentiant
978 3067 1012 3107 ac
1035 3051 1178 3125 probent;

142 3161 172 3208 30
187 3154 289 3202 contra
311 3145 341 3201 in
366 3144 547 3202 dissensione
571 3143 679 3201 nullam
703 3161 734 3201 se
759 3142 880 3202 salutern
904 3146 1074 3220 perspicere.
1117 3145 1181 3206 Res

188 3242 380 3318 disputatione
401 3241 439 3299 ad
460 3240 586 3298 mediam
607 3250 723 3298 noctem
751 3241 922 3316 perducitur.
965 3241 1100 3301 Tandem
1128 3245 1183 3303 dat

188 3339 274 3398 Cotta
290 3347 439 3412 permotus
456 3355 576 3395 manus:
598 3347 713 3413 superat
731 3339 873 3396 sententia
887 3338 993 3396 Sabini.
1034 3339 1183 3398 Pronunt-

186 3436 259 3492 iatur
286 3434 380 3510 prima
402 3434 466 3493 luce
494 3435 591 3494 ituros.
644 3433 830 3495 Consumitur
853 3437 954 3512 vigiliis
979 3438 1087 3514 reliqua
1111 3457 1181 3516 pars
