2606 3934
109 265 202 334 r-5.
340 265 386 312 nn
407 237 515 313 abaco
539 261 686 314 arabico
709 263 818 314 comm
840 250 873 314 [ρ
1075 267 1094 334 3

106 409 137 466 in
159 409 272 468 tertium
294 427 403 470 annum
427 411 637 490 profectionem
661 411 726 489 lege
750 412 930 471 confirmant.
971 410 1020 470 Ad
1044 427 1094 468 eas

107 523 152 585 res
180 507 374 568 conficiendas
402 509 556 586 Orgetorix
584 511 723 588 deligitur.
778 510 809 570 Is
837 510 891 569 sibi
918 510 1094 586 legationem

107 603 145 662 ad
171 604 297 667 civitates
325 609 471 684 suscepit:
515 607 550 666 In
585 626 621 674 eo
653 608 754 666 itinere
784 607 938 685 persuadet
966 606 1092 676 Castico,

108 701 370 764 Catamantaloedis
404 705 472 776 filio,
502 706 646 782 Sequan0,
680 707 761 764 cuius
793 715 875 782 pater
906 723 1029 781 regnum
1062 705 1093 760 in

108 797 248 876 Sequanis
280 803 388 862 multos
421 821 514 863 annos
547 805 708 862 obtinuerat
743 813 772 862 et
805 823 823 862 a
857 813 959 862 senatu
993 801 1119 878 populi5

107 897 234 958 Romani
254 902 364 960 amicus
385 901 544 978 appellatus
566 911 634 972 erat,
655 911 687 958 ut
706 917 829 977 regnum
850 901 880 958 in
901 901 1012 960 civitate
1040 917 1106 982 sua¹

107 1007 267 1073 occuparet,
290 1000 370 1075 quod
390 1009 470 1076 pater
497 1009 564 1058 ante
590 999 743 1070 habuerat;
772 999 898 1075 itemque
918 998 1094 1071 Dumnorigi

107 1094 220 1166 Aedu0,
249 1095 326 1154 fratri
353 1097 495 1169 Divitiaci,
524 1097 574 1174 qui
606 1115 642 1156 eo
673 1107 804 1172 tempore
838 1097 1030 1172 principatum
1063 1095 1093 1151 in

107 1193 217 1252 civitate
241 1195 389 1254 obtinebat
411 1214 445 1255 ac
465 1197 591 1254 maxime
611 1195 689 1270 plebi
709 1205 845 1270 acceptus
866 1203 935 1264 erat,
955 1203 987 1251 ut
1014 1192 1093 1250 idem

106 1300 266 1364 conaretur,
294 1295 447 1369 persuadet
475 1295 558 1370 eique
586 1293 673 1352 filiam
701 1309 783 1351 suam
813 1293 844 1349 in
878 1291 1093 1350 matrimonium
1109 1311 1138 1347 ιο

106 1388 163 1449 dat.
218 1389 357 1450 Perfacile
384 1391 462 1450 factu
494 1410 558 1450 esse
592 1391 646 1449 illis
677 1391 781 1466 probat
813 1399 917 1448 conata
948 1389 1093 1464 perficere,

107 1497 259 1562 propterea
292 1490 374 1564 quod
403 1490 465 1566 ipse
500 1507 570 1548 suae
598 1489 716 1546 civitatis
743 1488 897 1564 imperium
925 1487 1093 1546 obtenturus

107 1596 197 1644 esset:
232 1605 293 1645 non
324 1607 388 1647 esse
421 1588 548 1660 dubium,
576 1587 647 1665 quin
678 1588 765 1645 totius
801 1585 912 1645 Galliae
938 1587 1094 1662 plurimum
1176 1618 1178 1622 ·

107 1681 232 1742 Helvetii
248 1695 368 1761 possent
375 1705 384 1758 3
407 1705 438 1744 se
457 1687 516 1745 suis
535 1687 628 1762 copiis
647 1703 760 1762 suoque
782 1686 908 1744 exercitu
928 1684 982 1742 illis
1003 1701 1093 1760 regna

107 1783 324 1842 conciliaturum
352 1785 510 1844 confirmat.
566 1784 633 1842 Hac
661 1784 791 1842 oratione
818 1783 934 1841 adducti
961 1783 1035 1840 inter
1062 1799 1093 1839 se
1109 1799 1138 1848 ¹5

106 1879 195 1937 fidem
222 1891 250 1940 et
277 1882 474 1942 iusiurandum
503 1882 572 1940 dant
600 1892 628 1940 et
655 1899 746 1956 regno
774 1890 918 1956 occupato
951 1899 1004 1956 per
1036 1889 1094 1938 tres

105 1979 323 2052 potentissimos
352 1998 386 2038 ac
414 1980 595 2038 firmissimos
623 1979 749 2056 populos
776 1979 863 2037 totius
891 1977 1003 2037 Galliae
1029 1995 1094 2036 sese

104 2075 191 2151 potiri
206 2093 293 2152 posse
313 2087 438 2153 sperant.
493 2083 525 2136 4.
553 2077 597 2134 Ea
611 2095 657 2135 res
676 2085 720 2134 est
734 2075 874 2134 Helvetiis
889 2093 941 2150 per
955 2075 1094 2133 indicium

104 2173 260 2233 enuntiata.
302 2173 435 2232 Moribus
455 2175 515 2232 suis
544 2173 747 2249 Orgetorigem
769 2191 805 2230 ex
829 2171 949 2232 vinculis
976 2191 1093 2231 causam

105 2270 201 2328 dicere
229 2279 402 2348 coegerunt3
431 2273 600 2331 damnatum
627 2287 754 2347 poenam
778 2271 859 2345 sequi
880 2271 1041 2346 oportebat,
1062 2281 1093 2328 ut
1108 2287 1140 2322 20

104 2367 166 2442 igni
188 2379 368 2429 cremaretur.
409 2369 465 2428 Die
483 2369 638 2428 constituta
658 2381 762 2426 causae
783 2367 917 2426 dictionis
939 2367 1093 2444 Orgetorix

105 2468 144 2526 ad
171 2468 308 2527 iudicium
337 2485 456 2528 omnem
484 2487 566 2527 suam
594 2467 740 2539 familiam,
769 2467 807 2525 ad
837 2467 988 2525 hominum
1015 2468 1094 2524 milia

105 2565 216 2638 decem,
244 2567 372 2643 undique
402 2566 497 2642 coe’git
530 2573 559 2623 et
594 2581 698 2624 omnes
734 2565 850 2624 clientes
883 2567 1094 2642 obaeratosque

105 2681 183 2735 suos,
199 2681 322 2741 quorum
336 2679 476 2739 magnum
496 2679 648 2720 numerum
666 2664 799 2734 habebat,
815 2663 919 2721 eodem
938 2665 1093 2722 conduxit:

103 2780 156 2838 per
183 2780 243 2832 eos,
271 2781 309 2820 ne
336 2745 454 2820 causam
482 2761 596 2832 diceret,
626 2779 656 2820 se
677 2762 787 2838 eripuit.
830 2759 906 2820 Cum
928 2763 1026 2820 civitas
1054 2763 1092 2820 ob
1107 2780 1138 2830 2⁵

103 2878 170 2918 eam
191 2879 253 2918 rem
273 2860 389 2918 incitata
408 2860 495 2917 armis
515 2859 559 2916 ius
585 2877 670 2920 suum
700 2860 817 2935 exsequi
838 2869 997 2931 conaretur,
1019 2861 1093 2917 mul·
1196 2871 1198 2875 ’

103 2959 312 3035 titudinemque
335 2957 487 3016 hominum
508 2978 544 3017 ex
568 2960 643 3037 agris
665 2959 848 3034 magistratus
869 2967 1015 3034 cogerent,
1037 2957 1093 3017 Or-

103 3058 218 3132 getorix
244 3067 375 3116 mortuus
402 3065 463 3129 est;
498 3075 592 3133 neque
619 3059 702 3116 abest
736 3056 870 3132 suspicio,
903 3067 935 3115 ut
968 3055 1092 3114 Helvetii
1148 3063 1149 3066 ’
1195 3075 1197 3084 ’

102 3155 281 3226 arbitrantur,
297 3155 366 3232 quin
380 3156 442 3231 ipse
457 3155 510 3213 sibi
523 3165 646 3214 mortem
660 3140 836 3214 consciverit.

147 3259 176 3312 5.
205 3251 275 3310 Post
302 3255 364 3312 eius
391 3262 514 3312 mortem
543 3254 632 3312 nihilo
665 3253 760 3312 minus
794 3251 919 3311 Helvetii
945 3250 983 3323 id,
1012 3253 1091 3328 quod
1103 3269 1138 3317 30

102 3350 321 3422 constituerant,
349 3350 443 3410 facere
472 3361 620 3423 conantur,
648 3361 680 3409 ut
707 3369 724 3408 e
751 3351 857 3409 finibus
892 3350 950 3408 suis
978 3361 1090 3411 exeant.

100 3448 161 3508 Ubi
177 3448 235 3506 iam
255 3465 286 3506 se
305 3449 425 3506 adeam
445 3468 507 3507 rem
525 3460 641 3525 paratos
660 3467 724 3508 esse
742 3449 866 3506 arbitrati
886 3457 960 3519 sunt,
982 3448 1091 3524 oppida

101 3563 156 3606 aua
183 3546 290 3618 omnia,
312 3564 433 3606 numero
454 3549 491 3606 ad
512 3548 674 3620 duodecim,
697 3548 776 3606 vicos
797 3547 834 3606 ad
855 3546 1087 3622 quadringentos,

568 3662 615 3702 aa
