2634 3914
164 177 301 259 54·..56.
388 191 434 237 nn
455 191 565 237 annio
589 189 737 237 erarico
761 189 870 238 nourr.
896 189 958 240 νη.
1041 246 1042 250 Ἰ
1092 174 1152 259 163

164 341 243 416 quod
271 349 315 399 est
337 340 480 416 oppidum
507 341 587 416 apud
613 359 665 400 eos
692 341 836 400 maximae
863 339 1049 410 auctoritatis
1072 329 1151 397 Gon·

162 437 344 496 victolitavim
371 441 571 515 magistratum
599 457 795 515 magnamque
825 449 937 516 partem
969 447 1085 496 senatus
1115 437 1152 496 ad

162 555 230 594 eum
257 537 433 608 convenisse,
460 538 571 614 legatos
598 538 637 596 ad
664 537 932 612 Vercingetorigem
959 537 996 594 de
1023 555 1095 613 pace
1116 544 1152 593 -et

162 635 285 693 amicitia
307 634 489 694 concilianda
512 635 626 712 publice
648 637 761 702 missos,
784 653 844 693 non
868 633 1151 710 praetermittendum

161 740 272 789 tantum
293 731 482 791 commodum
502 734 741 792 existimaverunt.
784 733 886 809 Itaque
910 731 1065 790 interiectis
1087 730 1177 802 No-5

160 829 278 888 vioduni
296 831 464 889 custodibus
485 832 592 907 quique
611 849 647 889 eo
666 816 834 906 negotiandi
853 849 940 890 causa
958 839 1151 890 convenerant

160 929 313 1001 pecuniam
337 938 423 1004 atque
444 946 535 1005 equos
559 929 632 986 inter
654 947 685 988 se
709 929 805 1004 partiti
829 937 912 1000 sunt;
944 927 1060 986 obsides
1084 928 1150 985 civi-

159 1033 250 1082 tatum
281 1025 413 1086 Bibracte
444 1027 481 1085 ad
515 1028 714 1102 magistratum
748 1025 936 1084 deducendos
963 1035 1150 1096 curaverunt;

160 1122 309 1197 oppidum,
331 1124 411 1200 quod
435 1143 453 1182 a
476 1142 507 1183 se
528 1125 619 1183 teneri
646 1143 708 1182 non
729 1141 817 1199 posse
844 1123 1018 1192 iudicabant,
1042 1141 1078 1180 ne
1104 1125 1149 1181 cui

159 1229 234 1277 esset
260 1223 325 1279 usui
353 1222 504 1293 Romanis,
533 1223 741 1293 incenderunt;
777 1221 911 1278 frumenti
943 1220 1023 1296 quod
1055 1221 1150 1278 subito
1166 1239 1196 1274 ιο

158 1327 313 1391 potuerunt
340 1321 459 1378 navibus
487 1331 649 1389 avexerunt,
677 1320 818 1395 reliquum
847 1318 965 1376 flumine
994 1327 1079 1394 atque
1108 1320 1150 1376 in-

160 1415 263 1474 cendio
290 1427 485 1493 corruperunt.
528 1417 588 1493 Ipsi
622 1435 659 1475 ex
691 1417 818 1474 finitimis
853 1417 1019 1491 regionibus
1051 1417 1150 1491 copias

160 1529 274 1587 cogere,
297 1516 441 1590 praesidia
463 1515 666 1590 custodiasque
691 1515 729 1572 ad
756 1515 833 1590 ripas
862 1514 973 1590 Ligeris
998 1514 1150 1590 disponere

160 1610 375 1688 equitatumque
397 1613 532 1671 omnibus
555 1612 627 1670 loeis
650 1612 787 1670 iniciendi
811 1613 922 1670 timoris
943 1630 1031 1670 causa
1053 1621 1150 1670 osten·

159 1716 219 1765 tare
246 1719 411 1784 coeperunt,
434 1711 458 1768 si
487 1711 524 1768 ab
551 1727 582 1768 re
604 1708 790 1768 frumentaria
818 1709 969 1768 Romanos
996 1709 1149 1768 excludere
1165 1725 1193 1774 15

160 1815 208 1864 aut
222 1806 364 1865 adductos
377 1807 476 1882 inopia
489 1808 519 1865 in
533 1807 711 1883 provinciam
725 1807 867 1882 expellere
881 1817 1007 1883 possent
1051 1807 1149 1879 Quam

160 1903 198 1962 ad
225 1922 307 1980 spem
335 1905 457 1962 multum
484 1922 536 1963 eos
563 1905 723 1976 adiuvabat,
752 1905 832 1980 quod
860 1905 947 1980 Liger
974 1923 1010 1962 ex
1038 1905 1149 1963 nivibus

159 2013 293 2074 creverat,
326 2013 358 2061 ut
388 2003 508 2061 omnino
543 2003 617 2061 vado
646 2021 707 2060 non
737 2020 824 2078 posse
851 2003 964 2060 transiri
998 2003 1147 2060 videretur.

160 2106 211 2158 56.
233 2099 348 2171 Quibus
366 2103 452 2159 rebus
469 2101 593 2176 cognitis
608 2099 716 2158 Caesar
737 2099 940 2157 maturandum
957 2099 1011 2156 sibi
1029 2101 1148 2170 censuit,

159 2198 183 2255 si
211 2207 287 2256 esset
315 2199 344 2254 in
371 2197 553 2276 perficiendis
581 2197 718 2272 pontibus
746 2197 973 2272 periclitandum,
1000 2207 1033 2256 ut
1060 2199 1147 2274 prius,
1163 2220 1193 2254 20

159 2313 246 2370 quam
270 2305 368 2354 essent
391 2295 516 2353 maiores
540 2311 576 2353 eo
599 2303 717 2353 coactae
739 2294 849 2370 copiae,
873 2294 1028 2354 dimicaret.
1071 2296 1149 2354 Nam

158 2412 196 2451 ne
217 2403 395 2452 commutato
417 2392 538 2451 consilio
561 2393 614 2450 iter
641 2392 672 2449 in
699 2392 876 2468 provinciam
904 2403 1090 2463 converteret,
1117 2402 1149 2451 ut

158 2507 246 2548 nemo
270 2507 331 2548 non
354 2500 416 2548 tum
439 2491 557 2566 quidem
581 2491 745 2548 necessario
769 2489 934 2549 faciendum
959 2492 1147 2562 existimabat,

158 2606 226 2646 cum
253 2587 372 2648 infamia
395 2598 481 2665 atque
509 2588 665 2662 indignitas
693 2588 733 2646 rei
758 2597 787 2645 et
809 2589 960 2663 oppositus
982 2608 1068 2648 mons
1092 2590 1147 2650 Ce-

157 2704 252 2745 venna
272 2687 437 2762 viarumque
460 2685 609 2744 difficultas
631 2685 814 2760 impediebat,
836 2696 897 2744 tum
917 2689 1043 2746 maxime
1066 2689 1147 2763 quod
1162 2705 1191 2754 25

157 2784 295 2842 abiuncto
317 2783 447 2842 Labieno
473 2793 559 2860 atque
588 2784 622 2842 iis
646 2784 819 2858 legionibus,
842 2803 915 2860 quas
939 2803 998 2844 una
1021 2787 1145 2858 miserat,

156 2880 340 2940 vehementer
373 2883 501 2941 timebat.
556 2881 658 2957 Itaque
693 2881 853 2940 admodum
887 2885 1000 2958 magnis
1038 2884 1146 2943 diurnis

156 2981 362 3055 nocturnisque
380 2981 529 3039 itineribus
549 2981 688 3040 consectis
708 2991 808 3040 contra
827 2983 958 3040 omniurn
978 2982 1146 3057 opinionem

156 3075 195 3134 ad
222 3076 357 3151 Ligerem
384 3079 469 3149 venit,
497 3079 630 3156 vadoque
658 3097 709 3154 per
737 3081 847 3154 equites
878 3081 994 3136 invento
1021 3097 1074 3154 pro
1105 3081 1145 3138 rei

155 3175 324 3233 necessitate
348 3185 523 3252 opportuno,
548 3187 579 3234 ut
607 3177 723 3234 brachia
746 3177 835 3235 modo
858 3187 943 3252 atque
971 3176 1082 3234 humeri
1107 3179 1145 3236 ad
1159 3193 1190 3240 50

156 3272 325 3330 sustinenda
355 3291 435 3331 arma
465 3274 546 3332 liberi
577 3275 614 3332 ab
645 3293 721 3350 aqua
751 3291 814 3333 esse
846 3284 972 3350 possent,
1004 3274 1143 3350 disposito

155 3370 291 3445 equitatu,
311 3371 361 3445 qui
379 3372 437 3428 vim
456 3370 582 3430 fluminis
602 3371 776 3446 refringeret,
796 3381 882 3448 atque
901 3371 1030 3429 hostibus
1048 3373 1142 3446 primo

152 3477 273 3544 aspectu
293 3470 464 3544 perturbatis
485 3469 661 3528 incolumem
682 3469 838 3528 exercitum
859 3468 984 3528 traduxit
1003 3468 1142 3533 frument-

644 3585 699 3627 ua
