2634 3914
193 207 254 290 156
515 223 543 271 c.
566 223 660 269 turn
681 219 851 269 euasurus
1122 225 1181 270 vn.

190 371 314 448 dicitque
328 373 472 440 omnibus,
486 390 524 430 ne
539 384 716 447 quemquam
730 371 909 430 interficiunt.
950 368 1181 445 Eporedorigem

190 477 219 526 et
247 468 469 540 Viridomarum‚
499 488 573 545 quos
603 469 642 527 illi
673 468 838 527 interfectos
866 467 1078 538 existimabant,
1107 468 1181 524 inter

190 565 298 640 equites
326 567 431 624 versari
460 585 585 643 suosque
614 567 758 643 appellare
788 567 874 623 iubet.
918 563 975 622 His
1003 564 1126 639 cognitis
1152 571 1181 620 et

190 661 325 721 Litavicci
338 663 437 722 fraude
456 674 608 742 perspecta
626 665 721 722 Aedui
740 682 843 722 manus
862 662 988 734 tendere,
1004 661 1180 720 deditionem

161 759 351 835 §significare
380 772 408 820 et
435 763 569 838 proiectis
594 763 680 820 annis
704 771 828 818 mortem
856 759 1004 836 deprecari
1031 759 1180 835 incipiunt.

189 855 350 916 Litaviccus
385 877 452 918 cum
488 861 545 918 suis
580 861 738 930 clientibus,
773 860 879 934 quibus
913 875 994 916 more
1029 856 1180 915 Gallorum

189 958 271 1017 nefas
302 968 345 1018 est
375 961 462 1018 etiam
497 961 527 1018 in
562 970 689 1018 extrema
720 960 835 1018 fortuna
870 959 1000 1016 deserere
1031 967 1179 1033 patronos,

190 1055 365 1132 Gergoviam
379 1057 512 1134 profugit.
555 1064 602 1116 41.
628 1057 735 1116 Caesar
749 1057 856 1115 nuntiis
871 1056 908 1114 ad
922 1057 1066 1114 civitatem
1081 1055 1179 1113 Aedu-

184 1171 271 1211 orum
292 1155 394 1225 missis,
417 1156 466 1230 qui
487 1173 541 1214 suo
565 1153 707 1213 beneficio
728 1164 913 1212 conservatos
939 1153 1084 1222 docerent,
1106 1169 1180 1228 quos

146 1265 176 1300 10
187 1252 248 1308 iure
272 1252 338 1309 belli
363 1253 522 1311 interficere
546 1253 694 1328 potuisset,
716 1253 864 1327 tribusque
889 1251 967 1308 horis
990 1250 1106 1324 [noctis]
1130 1269 1179 1307 ex·

187 1349 286 1406 ercitui
318 1350 356 1408 ad
391 1352 518 1426 quietem
553 1351 626 1408 datis
662 1360 755 1408 castra
790 1349 828 1406 ad
863 1347 1041 1423 Gergoviam
1074 1348 1178 1406 movit

187 1445 287 1504 Medio
312 1447 371 1506 lere
398 1449 497 1506 itinere
522 1449 632 1523 equites
657 1466 675 1504 a
702 1447 793 1504 Fabio
822 1446 910 1516 missi,
936 1454 1046 1520 quanto
1074 1463 1119 1503 res
1147 1445 1179 1502 in

186 1545 313 1620 periculo
327 1545 420 1616 fuerit,
435 1556 591 1620 exponunt.
634 1545 760 1602 Summis
781 1544 873 1619 copiis
893 1552 988 1601 castra
1008 1533 1177 1619 oppugnata

187 1643 395 1711 demonstrant,
435 1661 504 1700 curn
547 1645 648 1700 crebro
686 1642 790 1716 integri
834 1639 955 1698 defessis
988 1640 1176 1698 succederent

145 1751 173 1798 Ι5
186 1747 359 1814 nostrosque
394 1739 511 1797 assiduo
550 1741 647 1798 labore
685 1738 884 1814 defatigarent,
918 1737 1024 1812 quibus
1049 1747 1178 1820 propter

184 1835 414 1911 magnitudinem
442 1847 601 1894 castrorum
632 1845 772 1912 perpetuo
800 1845 877 1894 esset
908 1835 1011 1892 iisdem
1041 1835 1072 1892 in
1103 1835 1177 1892 vallo

185 1934 421 2008 permanendum.
463 1933 645 1991 Multitudine
665 1935 830 2008 sagittarum
849 1942 935 2008 atque
955 1933 1050 1990 omnis
1064 1933 1177 2006 generis

185 2031 307 2088 telorum
337 2032 443 2088 multos
475 2031 653 2102 vulnerat0s;
689 2031 727 2089 ad
760 2031 832 2088 haec
868 2030 1035 2088 sustinenda
1068 2047 1177 2104 magno

184 2128 248 2186 usui
283 2128 369 2186 luisse
404 2137 556 2188 tormenta.
609 2129 731 2186 Fabium
766 2129 896 2187 discessu
929 2145 1030 2185 eorum
1066 2126 1177 2184 duabus

141 2237 173 2272 20
185 2225 288 2283 relictis
313 2227 402 2301 portis
423 2227 571 2285 obstruere
593 2237 703 2285 ceteras
727 2226 898 2301 pluteosque
921 2224 996 2283 vallo
1021 2223 1127 2282 addere
1149 2235 1177 2283 et

182 2337 216 2378 se
247 2321 277 2378 in
304 2332 452 2396 posterum
484 2323 560 2380 diem
588 2323 766 2398 similemque
795 2339 895 2379 casum
925 2339 1071 2398 apparare
1120 2320 1177 2380 His

182 2419 269 2475 rebus
294 2419 417 2492 cognitis
442 2417 549 2477 Caesar
578 2438 693 2478 summo
721 2419 815 2478 studio
839 2419 963 2477 militum
990 2429 1057 2477 ante
1082 2429 1176 2477 ortum

184 2515 253 2572 solis
273 2515 303 2571 in
325 2526 418 2572 castra
437 2517 574 2591 pervenit.

223 2617 275 2669 42.
296 2611 376 2670 Dum
404 2613 477 2670 haee
505 2616 543 2673 ad
572 2611 749 2690 Gergoviam
776 2624 924 2690 geruntur,
952 2613 1048 2673 Aedui
1075 2613 1176 2689 primis

142 2718 169 2768 25
181 2709 291 2766 nuntiis
311 2711 348 2766 ab
370 2709 515 2768 Litavicco
534 2713 659 2786 acceptis
681 2712 790 2769 nullum
812 2713 866 2770 sibi
880 2712 918 2770 ad
935 2711 1175 2787 cognoscendum

182 2806 306 2880 spatium
320 2808 491 2884 relinquunt.
528 2809 653 2884 Impellit
667 2811 739 2868 alios
753 2811 878 2882 avaritia,
894 2811 967 2868 alios
982 2809 1131 2868 iracundia
1146 2818 1176 2868 et

180 2904 333 2974 temeritas
356 2923 430 2982 quae
451 2907 577 2964 maxime
598 2907 637 2964 illi
658 2907 811 2965 hominum
832 2908 933 2982 generi
954 2917 997 2965 est
1012 2907 1123 2978 innata,
1143 2915 1175 2966 ut

181 3000 274 3058 levem
295 3003 473 3060 auditionem
490 3004 616 3062 habeant
637 3021 691 3078 pro
712 3023 743 3061 re
764 3015 922 3080 comperta.
965 3004 1050 3062 Bona
1070 3004 1174 3062 civium

180 3097 383 3158 Rornanorum
399 3101 541 3176 diripiunt,
558 3102 662 3159 caedes
682 3101 797 3172 iaciunt,
812 3103 842 3160 in
862 3104 1024 3161 servitutem
1044 3103 1173 3160 abstrah-

140 3201 171 3250 30
181 3207 240 3255 unt.
277 3198 402 3256 Adiuvat
415 3217 477 3256 rem
491 3199 681 3274 proclinatam
696 3199 932 3276 Convictolitavis
943 3201 1121 3276 plebemque
1137 3201 1174 3258 ad

179 3293 307 3352 furorem
327 3295 455 3370 impellit,
476 3305 507 3354 ut
531 3295 659 3354 facinore
684 3297 812 3355 admisso
834 3298 871 3354 ad
897 3299 1049 3356 sanitatem
1073 3297 1173 3354 reverti

181 3391 296 3463 pudeat.
339 3389 472 3448 Marcum
496 3392 643 3463 Aristium,
668 3395 815 3451 tribunum
838 3394 971 3464 militum,
992 3394 1045 3451 iter
1069 3394 1106 3451 ad
1133 3393 1172 3451 le-

179 3485 299 3561 gionem
320 3487 474 3546 facientem
495 3488 552 3547 fide
573 3489 641 3549 duta
659 3509 697 3549 ex
719 3491 828 3568 oppido
850 3491 1002 3550 Cabillono
1030 3491 1172 3550 educunt:
