2634 3914
193 203 254 272 154
512 201 541 251 o.
563 203 656 250 rurrr
678 200 850 250 onasxnrs
957 161 962 170 ’
1119 203 1175 248 vrr.

189 362 285 424 tatem,
298 362 372 428 quae
384 351 572 412 certissimam
587 350 697 410 Galliae
710 351 859 409 victoriam
874 348 999 408 detineat
1007 368 1014 422 ;
1035 347 1095 407 eius
1111 354 1178 406 aucss

189 450 301 507 toritate
322 449 447 525 reliquas
469 449 627 522 contineri3
657 467 715 526 qua
735 449 866 507 traducta
886 448 984 506 locum
1001 446 1178 506 consistendi

189 533 331 605 Romanis
345 547 374 604 in
385 545 478 605 Gallia
486 565 547 605 non
558 547 628 606 fore.
670 545 743 604 Esse
753 545 895 604 nonnullo
907 563 938 603 se
950 543 1081 602 Caesaris
1090 545 1177 602 bene-

188 645 254 704 ficio
274 645 419 716 affectum,
435 646 476 704 sic
495 655 600 716 tamen,
621 654 652 703 ut
672 645 858 702 iustissimam
877 641 954 718 apud
976 661 1043 700 eurn
1060 660 1178 700 causam

159 759 173 810 5
188 743 359 814 obtinuerit;
386 743 437 802 sed
455 743 520 818 plus
538 743 686 801 communi
706 741 828 799 libertati
846 741 978 798 tribuere.
1021 739 1081 798 Cur
1100 741 1178 797 enim

83 863 92 882 ·
188 842 284 917 potius
306 841 401 901 Aedui
425 843 462 900 de
484 859 537 900 suo
559 841 619 898 iure
640 849 669 898 et
690 840 726 898 de
750 841 862 915 legibus
884 839 921 896 ad
942 837 1098 896 Caesarem
1121 839 1178 896 dis-

189 943 373 1010 ceptatorem,
398 953 486 1011 quam
514 934 641 992 Romani
668 933 706 991 ad
730 933 848 992 Aeduos
876 931 1009 990 veniant?
1041 930 1178 990 Celeriter

188 1031 418 1092 adulescentibus
438 1043 466 1091 et
485 1033 616 1091 oratione
635 1033 820 1108 magistratus
839 1040 868 1090 et
888 1030 1017 1107 praemio
1039 1031 1177 1101 deductis²

189 1148 255 1188 cum
280 1148 311 1188 se
334 1131 379 1188 vel
403 1131 548 1206 principes
573 1131 633 1188 eius
656 1131 768 1188 consilii
789 1129 851 1188 fore
875 1129 1084 1206 profiterentur,
1105 1129 1178 1188 ratio

145 1253 174 1289 ιο
188 1226 353 1302 perficiendi
378 1229 575 1303 quaerebatur,
601 1227 681 1304 quod
706 1229 850 1286 civitatem
873 1237 981 1286 temere
1006 1227 1043 1285 ad
1068 1227 1177 1302 suscip-

187 1323 304 1382 iendum
331 1325 439 1382 bellum
466 1325 570 1384 adduci
598 1343 685 1400 posse
713 1344 775 1384 non
804 1325 1003 1384 confidebant.
1059 1323 1176 1400 Placuit,

187 1421 228 1478 uti
249 1419 410 1479 Litaviccus
432 1420 532 1479 decern
555 1421 609 1478 illis
630 1421 753 1492 milibus,
775 1439 850 1497 quae
872 1421 989 1482 Caesari
1010 1420 1047 1479 ad
1070 1420 1179 1478 bellurn

187 1517 374 1588 mitterentur,
402 1519 602 1594 praeficeretur
633 1528 719 1596 atque
747 1538 781 1578 ea
812 1520 946 1578 ducenda
974 1527 1094 1588 curaret,
1122 1516 1178 1574 fra-

187 1595 302 1690 tresque
337 1615 398 1672 eius
432 1615 470 1673 ad
502 1614 658 1674 Caesarem
691 1626 911 1692 praecurrerent.
939 1601 1090 1692 ‘Reliqua
1121 1631 1178 1690 qua

145 1740 173 1791 15
188 1713 300 1771 ratione
331 1714 378 1788 agi
407 1713 528 1788 placeat,
558 1713 743 1771 constituunt.
786 1720 838 1773 38.
864 1714 1026 1774 Litaviccus
1056 1721 1177 1786 accepto

188 1811 321 1881 exercitu,
333 1829 401 1869 cum
414 1811 492 1868 milia
505 1829 643 1886 passuum
655 1811 765 1869 circiter
779 1831 835 1869 xxx
847 1813 883 1869 ab
898 1811 1043 1888 Gergovia
1056 1812 1178 1879 abesset,

189 1908 354 1967 convocatis
376 1907 470 1966 subito
491 1909 626 1966 militibus
647 1909 815 1967 lacrimans:
845 1909 931 1982 ‘Quo
952 1905 1177 1986 proficiscimur,'

188 2007 288 2082 inquit,
314 2005 453 2064 ‘militesi
495 2004 599 2064 Omnis
628 2014 726 2064 noster
751 2007 901 2083 equitatus,
927 2008 1023 2066 omnis
1044 2006 1178 2064 nobilitas

188 2105 292 2162 interiit
299 2122 308 2176 ;
337 2103 481 2181 principes
503 2104 629 2173 civitatis,
651 2104 835 2180 Eporedorix
856 2117 884 2164 et
904 2106 1112 2176 Viridomarus,
1134 2107 1179 2164 in·

145 2227 175 2262 πο
189 2201 311 2262 simulati
338 2201 517 2276 proditionis,
546 2202 583 2260 ab
614 2201 756 2261 Romanis
787 2203 895 2262 indicta
923 2223 1010 2263 causa
1040 2203 1180 2262 interfecti

188 2312 263 2361 sunt.
305 2299 389 2358 Haec
403 2301 441 2357 ab
454 2300 524 2374 ipsis
538 2301 715 2374 cognoscite,
731 2302 779 2377 qui
794 2321 830 2360 ex
846 2303 910 2378 ipsa
924 2303 1013 2361 caede
1028 2302 1179 2378 fugerunt:

188 2417 257 2457 narn
272 2416 328 2474 ego
343 2397 476 2454 fratribus
494 2407 579 2472 atque
594 2398 729 2456 omnibus
744 2400 816 2458 meis
835 2401 1005 2476 propinquis
1023 2399 1180 2459 interfectis

189 2497 288 2555 dolore
313 2495 477 2572 prohibeor,
503 2513 577 2570 quae
602 2505 684 2570 gesta
708 2506 781 2566 sunt,
807 2496 1011 2573 pronuntiare'
1052 2498 1181 2556 Produc-

189 2603 275 2653 untur
295 2593 322 2664 ii,
343 2610 417 2669 quos
438 2593 483 2651 ille
503 2587 666 2664 edocuerat,
687 2613 762 2671 quae
781 2595 837 2654 dici
856 2595 946 2666 vellet,
962 2607 1047 2672 atque
1067 2596 1178 2666 eadem,

146 2717 174 2768 ²5
190 2710 264 2768 quae
275 2691 436 2749 Litaviccus
447 2690 687 2766 pronuntiaverat,
699 2693 871 2751 multitudini
883 2703 1048 2769 exponunt:
1068 2694 1180 2770 equites

189 2789 358 2847 Aeduorum
385 2787 557 2866 interfectos,
583 2789 663 2864 quod
688 2790 821 2848 collocuti
849 2791 1074 2858 cum.Arvernis
1103 2791 1181 2850 dice-

189 2894 304 2957 rentur;
347 2885 427 2959 ipsos
462 2902 493 2942 se
520 2885 594 2941 inter
622 2885 835 2944 multitudinem
862 2887 984 2946 militurn
1018 2889 1180 2946 occultasse

189 2993 275 3060 atque
309 3000 345 3040 ex
379 2982 475 3040 media
509 2981 598 3040 caede
632 2980 749 3056 fugisse.
796 2981 988 3042 Conclamant
1022 2985 1116 3043 Aedui
1151 2997 1182 3045 et

188 3081 364 3139 Litaviccum
392 3080 552 3146 obsecrant,
574 3091 605 3140 ut
633 3081 687 3138 sibi
716 3080 853 3138 consulat.
898 3081 1007 3153 ‘Quasi
1028 3083 1113 3154 ver0,'
1135 3084 1181 3140 in-

145 3209 176 3256 30
189 3179 250 3256 quit
269 3177 325 3249 ille,
344 3177 471 3234 ‘consilii
493 3178 529 3234 sit
548 3196 602 3248 res,
624 3196 659 3235 ac
680 3195 740 3234 non
761 3195 880 3235 necesse
903 3180 938 3236 sit
959 3180 1044 3237 nobis
1066 3178 1182 3256 Gergo-

188 3279 264 3334 viam
298 3275 473 3332 contendere
508 3283 536 3332 et
571 3293 637 3332 cum
672 3275 808 3332 Arvernis
843 3284 957 3333 nosmet
992 3276 1179 3350 coniungere.

189 3375 238 3432 An
272 3372 445 3441 dubitamus,
474 3373 543 3446 quin
577 3372 688 3430 nefario
721 3371 847 3430 facinore
883 3374 1010 3431 admisso
1052 3373 1181 3432 Romani

139 3473 143 3482 '
190 3473 247 3530 iam
268 3470 305 3529 ad
326 3487 380 3528 nos
400 3469 611 3530 interficiendos
633 3473 824 3530 concurrant?
853 3471 987 3543 Proinde,
1010 3471 1033 3530 si
1054 3471 1123 3548 quid
1147 3472 1181 3544 in
