2634 3914
142 263 280 332 47-50,
367 263 414 310 nu
435 260 544 307 sunto
568 258 717 307 Gannico
740 256 850 306 οοΜΜ.
876 256 907 306 V.
1076 255 1137 323 107

142 412 180 470 ad
194 411 292 470 turrim
307 410 437 469 adhaesit
451 427 545 485 neque
560 409 596 466 ab
611 405 717 486 nostris
733 404 823 463 biduo
838 403 1038 462 animadversa
1051 402 1135 460 tertio

142 511 189 568 die
216 528 234 567 a
261 507 390 585 quodam
408 507 506 580 ¹milite
534 505 718 580 conspicitur,
747 502 866 578 dempta
896 501 934 560 ad
962 498 1135 559 Ciceronem

142 606 275 666 defertur.
316 605 367 662 Ille
388 605 544 680 perlectam
565 603 596 660 in
616 610 762 660 conventu
782 600 904 657 militum
924 599 1023 656 recitat
1043 597 1134 656 maxi-

140 719 247 777 maque
261 720 365 760 omnes
381 701 488 760 laetitia
501 700 595 758 afficit
638 698 717 756 Tum
731 696 802 754 sumi
820 695 1019 755 incendiorum
1033 693 1135 768 procul

140 797 309 856 videbantur
317 817 324 870 ;
344 816 418 874 quae
430 815 475 856 res
486 814 605 854 omnem
615 795 825 853 dubitationem
835 793 975 851 adventus
985 791 1133 866 legionum
1147 807 1161 857 5

141 896 256 970 expulit.
298 902 352 955 49.
375 894 451 953 Galli
471 913 502 952 re
523 894 640 969 cognita
660 911 712 968 per
732 891 929 967 exploratores
951 889 1134 948 obsidionem

140 993 312 1069 relinquunt,
333 993 370 1052 ad
392 993 546 1052 Caesarem
567 991 702 1049 omnibus
723 989 814 1064 copiis
833 988 1024 1047 contendunt.
1066 986 1133 1046 Hae

140 1102 221 1149 erant
235 1101 345 1149 armata
358 1091 469 1149 circiter
482 1090 561 1148 milia
574 1105 620 1148 ux.
661 1087 767 1147 Cicero
786 1087 853 1146 data
866 1085 1001 1144 facultate
1017 1085 1134 1145 Gallum

140 1190 178 1246 ab
199 1188 304 1247 eodem
325 1187 491 1259 Verticone‚
512 1205 600 1263 quern
621 1205 709 1262 supra
730 1184 1001 1255 demonstravimus,
1022 1185 1132 1258 repetit,

140 1287 190 1362 qui
208 1285 313 1344 litteras
332 1285 370 1344 ad
390 1283 546 1343 Caesarem
561 1284 673 1344 delerat
682 1303 691 1356 ;
716 1284 794 1342 hunc
813 1284 959 1353 admonet,
978 1282 1031 1339 iter
1049 1291 1133 1340 caute
1148 1307 1177 1342 10

141 1385 347 1462 diligenterque
368 1383 468 1442 faciat:
497 1384 646 1459 perscribit
670 1384 700 1441 in
724 1383 822 1441 litteris
843 1382 941 1440 hostes
962 1381 999 1438 ab
1022 1397 1055 1439 se
1076 1381 1133 1440 dis·

141 1483 262 1541 cessisse
299 1499 475 1557 omnemque
513 1481 551 1540 ad
590 1499 657 1539 eum
691 1481 906 1539 multitudinem
946 1478 1131 1537 convertisse.

140 1579 257 1652 Quibus
287 1580 385 1639 litteris
417 1579 528 1638 circiter
558 1579 654 1637 media
684 1588 771 1638 nocte
798 1577 910 1637 Caesar
939 1575 1031 1634 allatis
1062 1594 1131 1636 suos

139 1678 208 1736 facit
238 1678 373 1737 certiores
403 1695 513 1753 eosque
539 1676 582 1736 ad
613 1677 810 1735 dimicandum
841 1677 938 1734 animo
971 1675 1131 1734 confirmat.

139 1776 261 1836 Postero
296 1776 342 1834 die
373 1777 440 1834 vluce
475 1775 568 1852 prima
599 1785 696 1832 movet
728 1784 821 1833 castra
851 1785 880 1833 et
910 1775 1022 1834 circiter
1053 1775 1132 1833 milia
1147 1795 1175 1846 15

138 1892 278 1952 passuum
294 1883 434 1949 quattuor
455 1891 625 1948 progressus
646 1882 725 1930 trans
745 1871 848 1930 vallem
869 1881 897 1930 et
921 1874 1013 1930 rivum
1037 1865 1142 1930 multi-¹

138 1973 269 2030 tudinem
302 1971 429 2029 hostiurn
463 1971 655 2045 conspicatur.
696 1968 766 2027 Erat
800 1969 899 2044 magni
932 1970 1051 2046 periculi
1085 1989 1131 2029 res

137 2069 256 2129 tantulis
280 2069 372 2146 copiis
395 2068 496 2143 iniquo
520 2066 587 2126 loco
613 2067 765 2137 dimicare;
794 2075 864 2138 tum,
890 2068 1029 2142 quoniam
1053 2069 1131 2126 obsi-

138 2169 226 2227 dione
246 2167 398 2224 liberatum
417 2165 590 2224 Ciceronem
612 2165 727 2235 sciebat,
748 2181 843 2240 aequo
864 2165 963 2223 animo
984 2166 1131 2224 remitten-

137 2265 209 2324 dum
226 2265 262 2322 de
274 2257 418 2322 ¹celeritate
428 2263 632 2322 existimabat:
654 2262 786 2320 consedit
800 2271 837 2333 et,
853 2280 941 2338 quam
956 2263 1129 2340 aequissimo
1145 2287 1176 2322 20

135 2363 203 2422 loco
225 2371 329 2438 potest,
349 2371 442 2420 castra
456 2362 623 2420 communit
644 2370 729 2436 atque
750 2359 830 2431 haec,
852 2360 905 2418 etsi
926 2371 1008 2420 erant
1026 2363 1131 2436 exigua

136 2481 189 2538 per
210 2479 249 2532 se,
269 2461 316 2518 vix
334 2461 488 2519 hominum
508 2461 617 2518 milium
638 2469 750 2535 septem
771 2459 939 2536 praesertim
959 2460 1043 2519 nullis
1063 2479 1131 2518 cum

134 2559 358 2634 impedimentis,
373 2568 471 2617 tamen
485 2557 624 2634 angustiis
641 2557 760 2628 viarum,
775 2575 863 2635 quam
881 2559 1008 2616 maxime
1025 2569 1129 2635 potest,

135 2657 287 2728 contrahit,
298 2675 335 2715 eo
350 2656 480 2728 consilia,
491 2666 523 2715 ut
537 2656 567 2713 in
582 2673 726 2714 summam
738 2659 986 2735 contemptionem
999 2656 1130 2716 hostibus

134 2756 238 2812 veniat.
279 2755 399 2812 Interim
427 2754 654 2830 speculatoribus
683 2753 715 2810 in
743 2771 846 2814 omnes
878 2765 973 2832 partes
1005 2755 1129 2814 dimissis
1143 2778 1172 2828 25

134 2854 274 2930 explorat,
295 2872 355 2929 quo
377 2854 613 2912 commodissime
639 2853 738 2911 itinere
759 2853 863 2913 vallem
883 2856 1003 2913 transire
1027 2857 1128 2931 possit.

134 2957 188 3010 50.
210 2951 256 3010 Eo
284 2951 330 3009 die
358 2951 482 3026 parvulis
507 2951 687 3026 equestribus
712 2951 829 3028 proeliis
853 2953 892 3010 ad
915 2971 1021 3028 aquam
1046 2953 1129 3012 factis

132 3049 247 3124 utrique
274 3066 338 3106 sese
367 3066 421 3106 suo
452 3047 518 3106 loco
546 3048 716 3106 continent:
752 3047 837 3120 Galli,
865 3050 945 3124 quod
974 3051 1128 3125 ampliores

133 3147 242 3221 copias,
267 3163 342 3220 quae
365 3144 499 3202 nondum
525 3153 728 3216 convenerant,
753 3148 980 3222 exspectabant;
1011 3146 1127 3221 Caesar,

132 3245 157 3303 si
178 3243 252 3302 sorte
276 3243 385 3302 timoris
411 3243 593 3301 simulatione
617 3241 718 3300 hostes
743 3242 773 3300 in
798 3262 883 3301 suurn
906 3244 1004 3303 locum
1026 3245 1126 3304 elicere
1141 3253 1173 3300 30

131 3350 240 3418 posset,
265 3348 297 3397 ut
322 3340 391 3398 citra
412 3340 516 3398 vallem
539 3358 593 3416 pro
616 3341 715 3398 castris
740 3341 851 3416 proelio
873 3342 1075 3415 contenderet;
1102 3345 1126 3402 si

130 3441 161 3498 id
183 3438 294 3496 efficere
314 3455 376 3494 non
398 3447 505 3514 posset,
527 3448 558 3496 ut
576 3439 734 3513 exploratis
758 3439 903 3498 itineribus
925 3441 1036 3498 minore
1058 3460 1125 3500 cum

131 3535 260 3612 periculo
289 3534 390 3594 vallem
417 3536 566 3614 rivumque
594 3535 733 3594 transiret.
776 3535 872 3596 Prima
902 3536 966 3597 luce
997 3538 1125 3598 hostium
