2634 3914
133 197 264 280 32—36.
351 209 399 258 na
420 209 527 258 aaran
556 207 706 258 arrnrco
729 208 837 258 comm
862 209 909 256 rr.
1084 191 1121 256 81

132 367 159 416 et
183 360 387 418 exercitatione
412 359 547 430 efficiunt,
572 360 614 417 uti
642 361 672 417 in
700 359 802 418 declivi
829 377 863 416 ac
886 358 1035 436 praecipiti
1058 357 1123 416 loco

132 457 263 516 incitatos
288 475 380 533 equos
405 459 547 516 sustinere
572 467 600 515 et
625 457 703 515 brevi
728 457 870 515 moderari
898 475 932 515 ac
957 456 1071 514 flectere
1096 464 1125 513 et

131 574 182 630 per
203 564 352 614 temonem
372 575 537 632 percurrere
559 566 587 614 et
607 557 638 614 in
658 557 727 632 iugo
748 557 879 616 insistere
900 565 929 614 et
953 573 984 613 se
1005 554 1072 612 inde
1093 555 1124 610 in

133 672 229 711 currus
258 654 395 712 citissime
426 655 553 729 recipere
588 657 761 713 consuerint.
804 661 856 714 34.
888 653 1002 724 Quibus
1036 653 1123 709 rebus

131 753 300 828 perturbatis
319 753 425 810 nostris
444 753 568 810 novitate
590 771 706 828 pugnae
725 763 856 828 tempore
875 751 1150 828 opportunissimos

132 848 238 908 Caesar
264 850 402 908 auxilium
425 851 503 909 tulit:
535 868 661 926 namque
687 852 748 910 eius
776 851 901 909 adventu
924 849 1023 908 hostes
1052 866 1123 906 con-

132 948 269 1018 stiterunt,
294 949 385 1006 nostri
412 967 444 1007 se
473 967 509 1006 ex
537 949 640 1008 timore
668 959 847 1024 receperunt.
889 948 959 1020 Quo
984 947 1060 1005 facto
1085 946 1123 1004 ad

131 1045 330 1104 lacessendum
354 1056 383 1105 et
407 1046 444 1104 ad
469 1047 709 1106 committendum
736 1048 878 1123 proelium
905 1047 1031 1104 alienum
1058 1063 1123 1102 esse

131 1153 244 1218 tempus
268 1145 418 1204 arbitratus
444 1162 497 1208 suo
522 1164 553 1204 se
578 1146 645 1204 loco
670 1145 812 1204 continuit
836 1154 864 1202 et
888 1145 967 1202 brevi
990 1152 1122 1218 tempore

131 1243 293 1300 intermisso
313 1244 343 1300 in
365 1253 457 1301 castra
477 1243 608 1319 legiones
628 1243 748 1301 reduxit
790 1242 870 1300 Dum
887 1242 960 1300 haec
976 1251 1121 1317 geruntur,
1137 1259 1168 1294 10

131 1341 237 1398 nostris
253 1342 387 1399 omnibus
402 1341 558 1416 occupatis,
573 1341 622 1417 qui
637 1351 717 1399 erant
731 1341 760 1398 in
774 1341 849 1415 agris
867 1339 966 1415 reliqui
981 1339 1122 1397 discesse-

131 1448 204 1496 runt.
248 1437 370 1496 Secutae
391 1449 458 1496 sunt
480 1439 635 1497 continuos
656 1439 820 1514 complures
845 1437 906 1496 dies
926 1446 1121 1512 tempestates,

131 1556 205 1614 quae
226 1547 255 1594 et
276 1547 392 1596 nostros
412 1537 443 1594 in
464 1538 564 1595 castris
584 1538 767 1595 continerent
791 1546 819 1595 et
842 1536 958 1594 hostem
982 1553 999 1593 a
1023 1553 1123 1611 pugna

130 1635 322 1710 prohiberent.
365 1635 487 1692 Interim
524 1635 637 1693 barbari
671 1635 789 1692 nuntios
823 1634 854 1691 in
888 1651 991 1692 omnes
1026 1642 1122 1708 partes

130 1732 299 1791 dimiserunt
326 1733 557 1808 paucitatemque
586 1741 751 1790 nostrorum
779 1731 902 1789 militum
926 1731 984 1790 suis
1009 1731 1122 1808 praedi·
1137 1750 1165 1800 15

130 1841 274 1902 caverunt,
295 1839 331 1900 et,
351 1840 458 1906 quanta
478 1830 602 1907 praedae
623 1829 771 1888 faciendae
793 1839 879 1906 atque
900 1829 930 1886 in
951 1839 1123 1904 perpetuum

130 1929 174 1987 sui
187 1929 328 1986 liberandi
341 1928 460 1986 facultas
476 1929 596 2000 daretur,
611 1929 635 1986 si
652 1927 806 1985 Romanos
820 1927 919 1984 castris
936 1926 1122 2001 expulissent,

131 2029 409 2086 demonstraverunt.
452 2026 509 2085 His
537 2028 623 2085 rebus
651 2026 779 2084 celeriter
806 2043 914 2100 magna
940 2025 1122 2084 multitudine

130 2125 274 2200 peditatus
288 2125 488 2201 equitatusque
499 2134 600 2182 coacta
610 2123 648 2181 ad
659 2133 750 2180 castra
760 2131 907 2180 venerunt.
943 2128 995 2181 35.
1011 2122 1119 2181 Caesar
1175 2150 1178 2155 ·

130 2225 183 2282 etsi
204 2223 290 2294 idem,
308 2223 388 2300 quod
408 2223 604 2300 superioribus
626 2222 726 2280 diebus
748 2221 897 2293 acciderat,
917 2221 979 2278 fore
999 2222 1122 2294 videbat,
1135 2237 1167 2272 20

129 2331 170 2392 ut,
195 2321 220 2380 si
245 2331 343 2380 essent
367 2321 466 2379 hostes
491 2321 575 2396 pulsi,
601 2319 744 2379 celeritate
767 2319 928 2395 periculum
952 2319 1120 2394 effugerent,

128 2428 227 2476 tamen
246 2428 348 2478 nactus
368 2419 480 2496 equites
501 2419 613 2478 circiter
633 2437 701 2489 xxx,
720 2435 795 2492 quos
815 2415 966 2476 Commius
987 2417 1121 2490 Atrebas

129 2515 167 2573 de
195 2533 254 2591 quo
281 2526 348 2574 ante
377 2518 485 2575 dictum
514 2525 567 2587 est,
591 2533 691 2574 secum
719 2524 968 2590 transportaverat,
992 2515 1121 2591 legiones

128 2614 160 2671 in
187 2615 249 2672 acie
276 2632 330 2690 pro
359 2615 457 2673 castris
485 2614 640 2672 constituit.
683 2611 849 2672 Commisso
877 2613 988 2689 proelio
1016 2613 1121 2672 diutius

127 2720 295 2770 nostrorum
315 2712 437 2769 militum
458 2712 599 2788 impeturn
620 2711 718 2769 hostes
739 2711 812 2770 ferre
832 2729 894 2769 non
914 2721 1067 2787 potuerant
1087 2729 1121 2770 ac
1135 2729 1165 2777 2⁵

129 2819 211 2884 terga
237 2818 388 2867 verterunt.
431 2808 515 2880 Quos
537 2819 617 2868 tanto
639 2809 731 2886 spatio
756 2809 854 2880 secuti,
876 2819 1016 2886 quantum
1036 2828 1122 2868 cursu

128 2915 158 2964 et
182 2907 288 2964 viribus
312 2907 424 2965 efficere
448 2917 611 2983 potuerunt,
636 2907 800 2982 complures
824 2926 861 2966 ex
888 2908 923 2966 iis
946 2907 1121 2979 occiderunt,

127 3003 236 3063 deinde
251 3006 389 3064 omnibus
405 3005 492 3080 longe
507 3005 621 3080 lateque
637 3005 774 3064 aedificiis
790 3005 917 3064 incensis
934 3009 1009 3065 sein
1029 3018 1122 3066 castra

126 3112 306 3178 receperunt.
350 3109 401 3163 30.
423 3103 537 3161 Eodem
566 3104 612 3161 die
640 3103 726 3178 legati
753 3105 790 3162 ab
817 3104 948 3164 hostibus
975 3105 1056 3164 missi
1082 3106 1121 3164 ad

127 3199 286 3259 Caesarem
300 3201 337 3260 de
347 3219 420 3277 pace
434 3211 582 3260 venerunt.
624 3200 680 3260 His
692 3200 799 3260 Caesar
812 3221 964 3261 numerum
975 3203 1119 3274 obsidum,
1132 3217 1164 3266 30

126 3315 218 3373 quem
238 3308 323 3357 antea
342 3299 539 3374 imperaverat,
562 3299 715 3374 duplicavit
738 3319 847 3376 eosque
871 3301 1120 3360 incontinentem

126 3395 235 3456 adduci
248 3397 339 3467 iussit,
354 3397 434 3473 quod
448 3397 611 3475 propinqua
626 3397 671 3456 die
682 3398 854 3475 aequinoctii
867 3398 985 3456 infirmis
1000 3399 1120 3459 navibus

126 3493 219 3553 hiemi
252 3495 467 3572 navigationem
503 3495 700 3556 subiciendam
731 3514 792 3555 non
823 3495 1011 3556 existimabat.
1052 3495 1120 3575 Ipse

615 3607 635 3650 o
