2606 3934
185 185 225 252 28
505 203 533 254 o.
555 203 649 251 runrr
670 202 842 251 cnssnnrs
1151 205 1175 248 1.

184 350 215 408 id
229 368 260 408 se
274 352 311 408 ab
324 351 395 427 ipsis
408 370 460 428 per
475 371 576 410 eorum
590 355 707 412 nuntios
721 361 901 429 compertum
918 350 1034 420 habere,
1049 367 1174 426 quorum

186 449 317 506 omnium
331 451 452 524 gratiam
466 460 552 527 atque
563 453 717 510 amicitiam
731 452 793 508 eius
803 458 897 508 morte
912 449 1051 506 redimere
1065 456 1173 522 posset.

185 545 299 617 Quodsi
318 547 497 606 discessisset
511 557 540 606 et
554 549 673 606 liberam
691 549 907 625 possessionem
922 545 1031 604 Galliae
1051 546 1104 603 sibi
1117 554 1174 602 tra-

184 643 311 716 didisset,
332 663 441 720 magno
462 663 494 704 se
513 647 594 703 illum
614 647 743 722 praemio
763 655 1010 704 remuneraturum
1031 653 1060 700 et
1086 659 1175 717 quae-

156 758 308 816 5cumque
333 743 408 800 bella
428 743 490 818 geri
511 745 601 815 vellet,
624 745 685 802 sine
707 745 766 802 ullo
787 744 848 801 eius
870 743 968 800 labore
993 751 1021 798 et
1046 740 1173 815 periculo

184 839 390 898 coniecturum.
442 847 495 900 45.
516 841 609 900 Multa
635 843 672 899 ab
700 841 825 901 Caesare
851 841 882 898 in
909 857 974 897 eam
1001 838 1191 896 sententiam-

184 937 262 994 dicta
276 947 350 1009 sunt,
362 955 450 1014 quare
464 941 582 1014 negotio
593 941 731 998 desistere
745 957 807 998 non
820 947 927 1014 posset,
939 947 967 995 et
981 955 1075 1012 neque
1090 953 1174 993 suam

184 1051 280 1110 neque
294 1037 393 1112 populi
408 1036 534 1094 Romani
548 1037 789 1112 consuetudinem
801 1037 870 1112 pati,
881 1036 922 1093 uti
935 1035 1045 1110 optime
1059 1051 1174 1092 meren·

185 1143 227 1190 tes
247 1135 344 1192 socios
363 1135 515 1205 desereret,
532 1155 627 1212 neque
647 1154 678 1194 se
699 1136 833 1206 iudicare,
848 1133 972 1192 Galliam
992 1133 1088 1208 potius
1109 1147 1173 1188 esse

142 1252 172 1288 ro
185 1232 318 1289 Ariovisti
331 1250 420 1307 quam
433 1233 534 1309 populi
549 1233 683 1290 Romani.
726 1232 808 1290 Bello
827 1241 977 1307 superatos
992 1247 1055 1288 esse
1065 1231 1175 1305 ⁸Arver-

183 1346 239 1387 nos
269 1339 298 1387 et
326 1329 459 1388 Rutenos
489 1331 526 1388 ab
555 1330 592 1401 Q.
625 1331 716 1389 Fabio
747 1329 887 1401 Maxim0,
913 1329 1017 1404 quibus
1047 1326 1173 1403 populus

184 1427 335 1493 Romanus
354 1429 511 1503 ignovisset
531 1446 625 1504 neque
650 1429 679 1485 in
700 1428 877 1504 provinciam
897 1427 1055 1502 redegisset
1078 1443 1174 1500 neque

184 1526 359 1600 stipendium
369 1527 561 1601 imposuisset.
592 1525 705 1598 Quodsi
716 1526 945 1602 antiquissimum
954 1525 1091 1600 quodque
1102 1533 1174 1580 tem-

184 1641 239 1699 pus
260 1623 382 1699 spectari
402 1633 555 1700 oporteret,
577 1625 676 1700 populi
697 1624 825 1682 Romani
845 1624 1032 1681 iustissimum
1057 1639 1120 1680 esse
1142 1621 1174 1678 in

142 1740 170 1789 ¹5
186 1719 279 1778 Gallia
302 1722 472 1797 imperium;
500 1723 524 1779 si
551 1722 688 1780 iudicium
711 1732 828 1780 senatus
852 1720 997 1779 observari
1018 1729 1173 1795 oporteret,

162 1855 165 1862 ,
184 1817 305 1876 liberam
324 1819 429 1876 debere
447 1837 511 1878 esse
530 1818 664 1891 Galliam,
678 1838 766 1895 quarn
779 1819 856 1877 bello
870 1819 974 1876 victam
989 1819 1047 1876 suis
1061 1818 1175 1892 legibus

185 1915 227 1973 uti
240 1916 385 1974 voluisset.
426 1923 478 1976 46.
501 1916 580 1976 Dum
599 1917 671 1976 haec
690 1919 720 1976 in
736 1917 882 1993 colloquio
895 1925 1041 1992 genintur,
1056 1913 1175 1973 Caesari

184 2014 346 2071 nuntiatum
360 2023 411 2085 est,
427 2015 537 2090 equites
550 2017 685 2074 Ariovisti
701 2016 820 2092 propius
838 2015 980 2072 tumulum
994 2014 1131 2073 accedere
1145 2023 1174 2071 et

185 2112 223 2170 ad
242 2119 359 2169 nostros
380 2111 553 2186 adequitare,
574 2113 685 2188 lapides
705 2113 818 2188 telaque
838 2112 869 2169 in
890 2121 1006 2170 nostros
1030 2112 1171 2170 conicere.

142 2227 173 2262 ²0
186 2209 295 2268 Caesar
314 2209 451 2284 loquendi
473 2209 561 2267 linem
582 2209 649 2268 lacit
670 2228 758 2286 seque
780 2209 817 2268 ad
838 2227 907 2267 suos
928 2209 1036 2284 recepit
1057 2209 1174 2285 suisque

186 2305 342 2380 imperavit,
357 2323 394 2362 ne
415 2306 495 2380 quod
509 2306 630 2363 omnino
646 2307 735 2363 telum
749 2306 780 2362 in
792 2307 893 2365 hostes
906 2307 1054 2364 reicerent.
1095 2305 1174 2364 Nam

187 2403 240 2462 etsi
253 2402 315 2460 sine
329 2401 387 2458 ullo
399 2403 526 2476 periculo
537 2402 660 2478 legionis
674 2403 803 2461 delectae
817 2422 884 2462 eum
895 2403 1022 2479 equitatu
1032 2404 1175 2479 proelium

187 2499 249 2558 fore
268 2498 390 2570 videbat,
411 2509 510 2555 tamen
533 2499 773 2558 committendum
796 2518 857 2558 non
877 2503 1005 2577 putabat,
1026 2511 1058 2560 ut
1084 2502 1175 2578 pulsis

186 2598 318 2655 hostibus
332 2597 388 2654 dici
402 2606 502 2672 posset
520 2615 572 2655 eos
586 2598 624 2654 ab
637 2615 668 2654 se
683 2597 835 2672 perfidem
849 2599 879 2655 in
893 2599 1038 2675 colloquio
1053 2602 1176 2659 circum-

144 2718 175 2767 ²5
188 2705 298 2754 ventos.
338 2693 531 2770 Posteaquam
545 2695 689 2769 involgus
703 2696 824 2752 militum
838 2695 945 2754 elatum
959 2707 1010 2768 est,
1025 2717 1083 2774 qua
1096 2717 1177 2758 arro-

188 2792 285 2868 gantia
308 2791 338 2848 in
365 2791 511 2867 colloquio
535 2792 694 2851 Ariovistus
714 2811 783 2851 usus
807 2795 887 2852 omni
911 2793 1005 2853 Gallia
1032 2796 1177 2856 Romanis

187 2889 387 2960 interdixisset,
411 2889 607 2966 impetumque
629 2891 659 2948 in
681 2901 795 2949 nostros
818 2893 880 2950 eius
900 2893 1010 2968 equites
1031 2895 1178 2968 fecissent,

189 3007 280 3064 eaque
307 3005 353 3045 res
374 2987 550 3062 colloquium
570 2996 602 3045 ut
629 2987 797 3058 diremisset,
819 2989 910 3048 multo
932 2991 1024 3048 maior
1044 2993 1178 3054 alacritas

188 3087 372 3161 studiumque
384 3085 533 3160 pugnandi
545 3086 638 3143 maius
650 3087 786 3144 exercitui
800 3087 935 3146 iniectum
948 3099 1000 3147 est.

147 3204 178 3253 30
230 3189 281 3244 47.
309 3181 404 3240 Biduo
431 3193 498 3259 post
522 3183 680 3242 Ariovistus
704 3185 742 3242 ad
763 3183 918 3244 Caesarem
938 3185 1050 3262 legatos
1072 3188 1177 3249 mittit:

190 3281 274 3340 Velle
301 3298 332 3339 se
360 3281 396 3338 de
423 3279 467 3339 his
494 3283 588 3352 rebus,
610 3301 683 3358 quae
704 3282 777 3339 inter
798 3299 849 3340 eos
870 3283 917 3358 agi
938 3295 1057 3360 coeptae
1079 3303 1178 3362 neque

192 3379 335 3458 perfectae
356 3389 460 3449 essent,
482 3398 567 3456 agere
591 3399 658 3438 cum
682 3398 737 3439 eo:
764 3381 805 3438 uti
826 3391 874 3438 aut
897 3381 1000 3440 iterum
1027 3383 1178 3462 colloquio

191 3479 269 3538 diem
296 3477 479 3538 constitueret
506 3489 562 3550 aut,
585 3479 609 3538 si
629 3478 659 3536 id
686 3479 781 3536 minus
802 3479 893 3551 vellet,
915 3498 931 3539 e
959 3481 1018 3541 suis
1046 3483 1176 3560 [legans]
