2634 3914
188 201 248 267 150
506 201 535 250 c.
559 201 652 249 runrr
674 199 848 250 crusnam
1116 203 1171 248 vn.

184 345 332 422 diligentia
349 347 552 409 adiuncturum
571 360 656 426 atque
676 369 768 410 unum
787 349 941 409 consilium
962 349 1049 409 totius
1063 347 1173 408 Galliae

183 443 360 518 effecturum,
375 447 456 506 cuius
471 449 626 507 consensui
640 467 678 507 ne
693 450 771 509 orbis
793 449 911 526 quidem
928 456 1066 506 terrarum
1081 449 1174 523 possit

183 543 339 617 obsistere,
371 545 460 622 idque
485 563 517 604 se
541 563 632 622 prope
656 547 714 605 iam
741 548 878 606 effectum
901 546 1016 604 habere.
1060 545 1174 604 Interea

182 658 307 716 aequum
328 659 392 700 esse
415 643 511 710 abiis
535 645 699 703 communis
727 645 825 704 salutis
852 662 940 703 causa
963 643 1118 719 impetrari,
1143 652 1174 702 ut

155 740 407 810 scastrafmunire
427 740 615 814 instituerent,
637 760 696 817 quo
720 743 832 801 facilius
856 743 1024 818 repentinos
1048 741 1174 800 hostium

182 837 307 913 impetus
340 837 521 896 sustinerent.
567 845 619 898 30.
642 839 708 898 Fuit
737 840 810 900 haec
842 841 935 899 oratio
968 856 1029 898 non
1063 841 1175 916 ingrata

183 933 283 1006 Gallis,
308 943 336 993 et
359 936 495 1008 maxime,
520 937 601 1013 quod
625 937 687 1013 ipse
712 939 809 997 animo
836 956 898 997 non
923 937 1067 997 defecerat
1093 946 1173 996 tanto

182 1041 302 1108 accepto
330 1033 527 1106 incommodO,
552 1052 647 1110 neque
676 1054 707 1094 se
734 1037 765 1094 in
792 1037 937 1095 occultum
967 1036 1118 1095 abdiderat
1147 1045 1174 1094 et

183 1141 373 1207 conspectum
393 1133 582 1190 multitudinis
603 1133 731 1209 iugerat;
759 1135 882 1211 plusque
903 1134 1002 1193 animo
1023 1133 1174 1210 providere

140 1246 170 1282 ιο
182 1238 211 1288 et
231 1232 404 1306 praesentire
425 1232 647 1303 existimabatur,
662 1233 742 1307 quod
762 1250 793 1290 re
813 1233 925 1308 integra
945 1233 1039 1308 primo
1056 1229 1174 1289 incend-

182 1329 290 1388 endum
314 1329 478 1402 Avaricum,
503 1339 571 1406 post
599 1330 791 1389 deserendum
816 1339 977 1389 censuerat.
1018 1329 1119 1405 Itaque
1143 1338 1174 1387 ut

182 1427 356 1504 reliquomm
370 1427 577 1503 imperatorum
592 1445 638 1486 res
658 1428 796 1487 adversae
816 1427 1016 1486 auctoritatem
1030 1427 1171 1498 minuunt,

182 1525 224 1584 sic
243 1525 328 1584 huius
349 1543 385 1584 ex
406 1525 550 1583 contrario
569 1525 695 1601 dignitas
712 1525 903 1584 incommodo
921 1533 1042 1600 accepto
1061 1524 1092 1590 in
1112 1524 1172 1582 dies

183 1624 348 1698 augebatur.
391 1621 481 1680 Simul
502 1622 533 1680 in
554 1641 639 1698 spem
659 1623 815 1681 veniebant
836 1623 898 1681 eius
923 1622 1111 1681 affirmatione
1136 1622 1172 1681 de

140 1734 168 1784 15
182 1721 297 1797 reliquis
325 1720 516 1795 adiungendis
550 1721 727 1793 civitatibus3
763 1721 950 1798 primumque
977 1738 1014 1778 eo
1041 1729 1172 1796 tempore

183 1818 258 1878 Galli
282 1828 376 1877 castra
398 1819 510 1877 munire
535 1818 726 1890 instituerunt,
754 1828 783 1877 et
811 1820 853 1877 sic
880 1828 947 1876 sunt
975 1818 1073 1876 animo
1102 1836 1172 1876 con-

182 1917 299 1975 sternati
312 1915 446 1974 homines
460 1917 563 1975 insueti
572 1916 687 1986 laboris,
703 1925 735 1973 ut
743 1916 851 1987 omnia,
867 1935 943 1992 quae
953 1915 1173 1991 imperarentur,

182 2015 235 2074 sibi
267 2013 403 2090 patienda
437 2015 641 2072 existimarent.
697 2019 742 2072 31.
772 2013 837 2072 Nec
864 2014 970 2084 minus,
1006 2031 1093 2090 quam
1129 2022 1174 2071 est

181 2112 333 2190 pollicitus,
370 2110 592 2188 Vercingetorix
634 2111 732 2169 animo
774 2111 932 2181 laborabat,
977 2121 1009 2170 ut
1047 2111 1173 2186 reliquas

139 2230 169 2266 ro
182 2211 309 2270 civitates
341 2209 517 2285 adiungeret,
552 2219 637 2284 atque
665 2227 715 2268 eas
743 2209 828 2268 donis
862 2208 1173 2284 pollicitationibusque

183 2298 332 2368 alliciebat.
375 2306 454 2366 Huic
482 2307 523 2364 rei
550 2307 673 2365 idoneos
701 2306 834 2365 homines
863 2306 1015 2382 deligebat,
1047 2323 1173 2382 quorum

182 2407 305 2484 quisque
326 2413 375 2462 aut
394 2405 525 2462 oratione
547 2404 669 2463 subdola
693 2404 887 2463 aut'amicitia
911 2405 1043 2463 facillime
1068 2423 1173 2482 capere

182 2514 291 2581 posset.
334 2502 392 2574 Qui
407 2502 531 2562 Avarico
547 2513 714 2579 expugnato
732 2502 903 2579 refugerant,
918 2503 1075 2562 armandos
1089 2503 1173 2562 vesti-

182 2603 333 2677 endosque
353 2610 433 2660 curat
444 2621 452 2673 3
474 2601 567 2672 simul,
586 2610 618 2659 ut
639 2601 804 2660 deminutae
825 2602 927 2678 copiae
944 2601 1173 2676 redintegraren-

139 2717 168 2770 ².5
182 2709 235 2771 tur,
256 2701 378 2775 imperat
398 2709 507 2758 certum
528 2717 681 2758 numerum
702 2699 824 2758 militum
846 2699 1015 2768 civitatibus,
1038 2717 1125 2774 quem
1143 2709 1173 2758 et

183 2816 271 2874 quam
285 2806 352 2856 ante
367 2797 443 2855 diem
457 2797 487 2854 in
502 2807 595 2855 castra
610 2797 713 2856 adduci
727 2797 802 2866 velit,
823 2797 1043 2871 sagittariosque
1057 2815 1171 2870 omnes,

183 2914 307 2973 quorum
328 2905 388 2954 erat
408 2913 583 2970 permagnus
604 2913 740 2952 numerus
761 2893 792 2950 in
813 2892 915 2964 Gallia,
937 2895 1068 2970 conquiri
1085 2904 1113 2952 et
1130 2896 1170 2954 ad

183 3014 215 3054 se
235 2994 308 3052 mitti
329 2994 416 3051 iubet.
459 2991 515 3051 His
536 2993 621 3050 rebus
641 2991 768 3049 celeriter
789 2991 826 3061 id,
843 2992 923 3067 quod
937 2992 1050 3050 Avarici
1072 2992 1173 3068 deper-

182 3094 261 3163 ierat,
290 3091 427 3167 expletur.
483 3089 603 3148 Interim
638 3089 839 3159 Teutomatus
874 3087 1052 3148 Olloviconis
1087 3091 1171 3160 filius,

139 3222 171 3272 30
183 3208 233 3249 rex
254 3188 468 3262 Nitiobrogum,
489 3187 570 3245 cuius
589 3195 669 3262 pater
689 3188 726 3243 ab
745 3194 846 3244 senatu
864 3196 965 3244 nostro
976 3187 1094 3245 'amicus
1112 3196 1172 3245 erat

183 3286 351 3364 appellatus,
366 3303 433 3342 curn
447 3302 556 3358 magno
575 3284 704 3358 equiturn
723 3301 842 3341 suorum
860 3302 983 3343 numero
1004 3295 1032 3342 et
1047 3302 1120 3361 quos
1135 3304 1173 3344 ex

169 3429 170 3434 η
184 3383 338 3460 Aquitania
353 3381 530 3440 conduxerat
546 3381 583 3438 ad
598 3399 664 3438 eum
682 3381 819 3456 pervenit.

224 3486 274 3562 32.
292 3477 403 3538 Caesar
434 3477 548 3537 Avarici
579 3478 743 3554 complures
775 3479 836 3538 dies
865 3489 1060 3564 commoratus
1093 3499 1173 3547 sum·
