<?xml version="1.0" encoding="UTF-8"?>
<!DOCTYPE html PUBLIC "-//W3C//DTD XHTML 1.0 Transitional//EN"
    "http://www.w3.org/TR/xhtml1/DTD/xhtml1-transitional.dtd">
<html xmlns="http://www.w3.org/1999/xhtml" xml:lang="en" lang="en">
 <head>
  <title>
</title>
<meta http-equiv="Content-Type" content="text/html;charset=utf-8" />
  <meta name='ocr-system' content='tesseract 3.04.00' />
  <meta name='ocr-capabilities' content='ocr_page ocr_carea ocr_par ocr_line ocrx_word'/>
</head>
<body>
  <div class='ocr_page' id='page_1' title='image "./commentariescju01caesgoog_0223.png"; bbox 0 0 2652 3928; ppageno 0'>
   <div class='ocr_carea' id='block_1_1' title="bbox 198 205 1183 286">
    <p class='ocr_par' dir='ltr' id='par_1_1' title="bbox 198 205 1183 286">
     <span class='ocr_line' id='line_1_1' title="bbox 198 205 1183 286; baseline 0.009 -18"><span class='ocrx_word' id='word_1_1' title='bbox 198 205 258 286; x_wconf 89' lang='lat'>184</span> <span class='ocrx_word' id='word_1_2' title='bbox 597 219 633 270; x_wconf 74' lang='grc' dir='ltr'>Α.</span> <span class='ocrx_word' id='word_1_3' title='bbox 657 223 779 272; x_wconf 79' lang='lat' dir='ltr'>nrrrrrr</span> <span class='ocrx_word' id='word_1_4' title='bbox 1110 232 1183 277; x_wconf 86' lang='lat' dir='ltr'>vrrr.</span> 
     </span>
    </p>
   </div>
   <div class='ocr_carea' id='block_1_2' title="bbox 141 370 1183 3565">
    <p class='ocr_par' dir='ltr' id='par_1_2' title="bbox 193 370 1183 742">
     <span class='ocr_line' id='line_1_2' title="bbox 195 370 1183 449; baseline 0.006 -21"><span class='ocrx_word' id='word_1_5' title='bbox 195 370 348 446; x_wconf 87' lang='lat' dir='ltr'>tionesque</span> <span class='ocrx_word' id='word_1_6' title='bbox 362 371 498 430; x_wconf 88' lang='lat' dir='ltr'>facerent.</span> <span class='ocrx_word' id='word_1_7' title='bbox 551 377 580 431; x_wconf 84' lang='grc'>8.</span> <span class='ocrx_word' id='word_1_8' title='bbox 603 371 769 449; x_wconf 91' lang='lat' dir='ltr'>Repentino</span> <span class='ocrx_word' id='word_1_9' title='bbox 783 373 908 432; x_wconf 91' lang='lat' dir='ltr'>adventu</span> <span class='ocrx_word' id='word_1_10' title='bbox 922 372 1055 433; x_wconf 85' lang='lat' dir='ltr'>Caesaris</span> <span class='ocrx_word' id='word_1_11' title='bbox 1070 375 1183 445; x_wconf 89' lang='lat' dir='ltr'>accidit,</span> 
     </span>
     <span class='ocr_line' id='line_1_3' title="bbox 195 468 1183 544; baseline 0.005 -19"><span class='ocrx_word' id='word_1_12' title='bbox 195 469 275 542; x_wconf 90' lang='lat' dir='ltr'>quod</span> <span class='ocrx_word' id='word_1_13' title='bbox 284 469 430 544; x_wconf 87' lang='lat' dir='ltr'>imparatis</span> <span class='ocrx_word' id='word_1_14' title='bbox 440 468 622 544; x_wconf 89' lang='lat' dir='ltr'>disiectisque</span> <span class='ocrx_word' id='word_1_15' title='bbox 631 471 761 529; x_wconf 89' lang='lat' dir='ltr'>accidere</span> <span class='ocrx_word' id='word_1_16' title='bbox 772 470 824 527; x_wconf 93' lang='lat' dir='ltr'>fuit</span> <span class='ocrx_word' id='word_1_17' title='bbox 832 488 959 540; x_wconf 90' lang='lat' dir='ltr'>necesse,</span> <span class='ocrx_word' id='word_1_18' title='bbox 968 481 1000 528; x_wconf 91' lang='lat' dir='ltr'>ut</span> <span class='ocrx_word' id='word_1_19' title='bbox 1009 471 1071 530; x_wconf 90' lang='lat' dir='ltr'>sine</span> <span class='ocrx_word' id='word_1_20' title='bbox 1081 473 1183 530; x_wconf 90' lang='lat' dir='ltr'>timore</span> 
     </span>
     <span class='ocr_line' id='line_1_4' title="bbox 193 565 1182 645; baseline 0.005 -23"><span class='ocrx_word' id='word_1_21' title='bbox 193 565 253 623; x_wconf 92' lang='lat' dir='ltr'>ullo</span> <span class='ocrx_word' id='word_1_22' title='bbox 273 585 339 624; x_wconf 86' lang='lat' dir='ltr'>rura</span> <span class='ocrx_word' id='word_1_23' title='bbox 360 568 489 626; x_wconf 89' lang='lat' dir='ltr'>colentes</span> <span class='ocrx_word' id='word_1_24' title='bbox 512 567 591 642; x_wconf 92' lang='lat' dir='ltr'>prius</span> <span class='ocrx_word' id='word_1_25' title='bbox 617 569 653 626; x_wconf 89' lang='lat' dir='ltr'>ab</span> <span class='ocrx_word' id='word_1_26' title='bbox 678 569 806 644; x_wconf 88' lang='lat' dir='ltr'>equitatu</span> <span class='ocrx_word' id='word_1_27' title='bbox 830 568 1067 644; x_wconf 84' lang='lat' dir='ltr'>opprimerentur,</span> <span class='ocrx_word' id='word_1_28' title='bbox 1093 587 1182 645; x_wconf 89' lang='lat' dir='ltr'>quam</span> 
     </span>
     <span class='ocr_line' id='line_1_5' title="bbox 195 662 1182 742; baseline 0.005 -23"><span class='ocrx_word' id='word_1_29' title='bbox 195 662 352 738; x_wconf 79' lang='lat' dir='ltr'>confugere</span> <span class='ocrx_word' id='word_1_30' title='bbox 373 665 403 722; x_wconf 92' lang='lat' dir='ltr'>in</span> <span class='ocrx_word' id='word_1_31' title='bbox 422 665 530 742; x_wconf 92' lang='lat' dir='ltr'>oppida</span> <span class='ocrx_word' id='word_1_32' title='bbox 549 675 676 740; x_wconf 87' lang='lat' dir='ltr'><strong>possent.</strong></span> <span class='ocrx_word' id='word_1_33' title='bbox 720 665 855 740; x_wconf 87' lang='lat' dir='ltr'>Namque</span> <span class='ocrx_word' id='word_1_34' title='bbox 872 665 958 722; x_wconf 91' lang='lat' dir='ltr'>etiam</span> <span class='ocrx_word' id='word_1_35' title='bbox 978 666 1047 724; x_wconf 89' lang='lat' dir='ltr'>illud</span> <span class='ocrx_word' id='word_1_36' title='bbox 1066 667 1182 742; x_wconf 88' lang='lat' dir='ltr'>vulgare</span> 
     </span>
    </p>

    <p class='ocr_par' dir='ltr' id='par_1_3' title="bbox 164 759 1181 1230">
     <span class='ocr_line' id='line_1_6' title="bbox 164 759 1181 839; baseline 0.007 -23"><span class='ocrx_word' id='word_1_37' title='bbox 164 759 366 828; x_wconf 82' lang='lat' dir='ltr'>5incursionis</span> <span class='ocrx_word' id='word_1_38' title='bbox 394 763 521 822; x_wconf 90' lang='lat' dir='ltr'>hostium</span> <span class='ocrx_word' id='word_1_39' title='bbox 550 764 673 839; x_wconf 84' lang='lat' dir='ltr'>signum,</span> <span class='ocrx_word' id='word_1_40' title='bbox 702 763 781 838; x_wconf 93' lang='lat' dir='ltr'>quod</span> <span class='ocrx_word' id='word_1_41' title='bbox 809 763 949 821; x_wconf 92' lang='lat' dir='ltr'>incendiis</span> <span class='ocrx_word' id='word_1_42' title='bbox 984 763 1181 823; x_wconf 87' lang='lat' dir='ltr'>aedificiorum</span> 
     </span>
     <span class='ocr_line' id='line_1_7' title="bbox 193 839 1181 933; baseline 0.006 -20"><span class='ocrx_word' id='word_1_43' title='bbox 193 857 319 933; x_wconf 85' lang='lat' dir='ltr'>intellegi</span> <span class='ocrx_word' id='word_1_44' title='bbox 346 861 502 932; x_wconf 89' lang='lat' dir='ltr'>consuevit,</span> <span class='ocrx_word' id='word_1_45' title='bbox 532 861 664 920; x_wconf 86' lang='lat' dir='ltr'>Caesaris</span> <span class='ocrx_word' id='word_1_46' title='bbox 692 849 930 918; x_wconf 56' lang='lat' dir='ltr'>erat&#39;interdicto</span> <span class='ocrx_word' id='word_1_47' title='bbox 963 839 1113 931; x_wconf 74' lang='lat' dir='ltr'>sublatum,</span> <span class='ocrx_word' id='word_1_48' title='bbox 1143 880 1181 919; x_wconf 91' lang='lat' dir='ltr'>ne</span> 
     </span>
     <span class='ocr_line' id='line_1_8' title="bbox 193 956 1180 1034; baseline 0.004 -22"><span class='ocrx_word' id='word_1_49' title='bbox 193 965 243 1012; x_wconf 93' lang='lat' dir='ltr'>aut</span> <span class='ocrx_word' id='word_1_50' title='bbox 271 957 357 1032; x_wconf 87' lang='lat' dir='ltr'>copia</span> <span class='ocrx_word' id='word_1_51' title='bbox 385 958 482 1033; x_wconf 84' lang='lat' dir='ltr'>pabuli</span> <span class='ocrx_word' id='word_1_52' title='bbox 510 958 711 1034; x_wconf 85' lang='lat' dir='ltr'>frumentique,</span> <span class='ocrx_word' id='word_1_53' title='bbox 740 957 763 1015; x_wconf 93' lang='lat' dir='ltr'>si</span> <span class='ocrx_word' id='word_1_54' title='bbox 790 956 906 1032; x_wconf 88' lang='lat' dir='ltr'>longius</span> <span class='ocrx_word' id='word_1_55' title='bbox 930 958 1065 1033; x_wconf 85' lang='lat' dir='ltr'>progredi</span> <span class='ocrx_word' id='word_1_56' title='bbox 1089 957 1180 1029; x_wconf 87' lang='lat' dir='ltr'>vellet,</span> 
     </span>
     <span class='ocr_line' id='line_1_9' title="bbox 194 1052 1180 1122; baseline 0.005 -14"><span class='ocrx_word' id='word_1_57' title='bbox 194 1052 372 1122; x_wconf 84' lang='lat' dir='ltr'>deficeretur,</span> <span class='ocrx_word' id='word_1_58' title='bbox 393 1066 442 1113; x_wconf 89' lang='lat' dir='ltr'>aut</span> <span class='ocrx_word' id='word_1_59' title='bbox 462 1055 561 1114; x_wconf 90' lang='lat' dir='ltr'>hostes</span> <span class='ocrx_word' id='word_1_60' title='bbox 582 1055 723 1114; x_wconf 90' lang='lat' dir='ltr'>incendiis</span> <span class='ocrx_word' id='word_1_61' title='bbox 750 1064 930 1113; x_wconf 89' lang='lat' dir='ltr'>terrerentur.</span> <span class='ocrx_word' id='word_1_62' title='bbox 972 1053 1072 1113; x_wconf 90' lang='lat' dir='ltr'>Multis</span> <span class='ocrx_word' id='word_1_63' title='bbox 1096 1054 1180 1114; x_wconf 91' lang='lat' dir='ltr'>bom-</span> 
     </span>
     <span class='ocr_line' id='line_1_10' title="bbox 193 1149 1179 1230; baseline 0.006 -25"><span class='ocrx_word' id='word_1_64' title='bbox 193 1149 273 1207; x_wconf 91' lang='lat' dir='ltr'>inum</span> <span class='ocrx_word' id='word_1_65' title='bbox 291 1151 405 1210; x_wconf 89' lang='lat' dir='ltr'>milibus</span> <span class='ocrx_word' id='word_1_66' title='bbox 423 1153 514 1228; x_wconf 90' lang='lat' dir='ltr'>captis</span> <span class='ocrx_word' id='word_1_67' title='bbox 530 1153 668 1230; x_wconf 88' lang='lat' dir='ltr'>perterriti</span> <span class='ocrx_word' id='word_1_68' title='bbox 683 1152 834 1227; x_wconf 87' lang='lat' dir='ltr'>Bituriges,</span> <span class='ocrx_word' id='word_1_69' title='bbox 850 1153 900 1228; x_wconf 92' lang='lat' dir='ltr'>qui</span> <span class='ocrx_word' id='word_1_70' title='bbox 919 1153 1044 1228; x_wconf 91' lang='lat' dir='ltr'>primum</span> <span class='ocrx_word' id='word_1_71' title='bbox 1061 1153 1179 1212; x_wconf 88' lang='lat' dir='ltr'>advent·</span> 
     </span>
    </p>

    <p class='ocr_par' dir='ltr' id='par_1_4' title="bbox 147 1249 1179 1717">
     <span class='ocr_line' id='line_1_11' title="bbox 147 1249 1178 1326; baseline 0.008 -25"><span class='ocrx_word' id='word_1_72' title='bbox 147 1261 179 1300; x_wconf 88' lang='lat' dir='ltr'>ro</span> <span class='ocrx_word' id='word_1_73' title='bbox 193 1265 242 1304; x_wconf 90' lang='lat' dir='ltr'>um</span> <span class='ocrx_word' id='word_1_74' title='bbox 264 1259 416 1324; x_wconf 90' lang='lat' dir='ltr'>potuerant</span> <span class='ocrx_word' id='word_1_75' title='bbox 437 1251 564 1326; x_wconf 84' lang='lat' dir='ltr'>effugere</span> <span class='ocrx_word' id='word_1_76' title='bbox 593 1250 804 1320; x_wconf 89' lang='lat' dir='ltr'>Romanorum,</span> <span class='ocrx_word' id='word_1_77' title='bbox 828 1250 859 1306; x_wconf 89' lang='lat' dir='ltr'>in</span> <span class='ocrx_word' id='word_1_78' title='bbox 887 1249 1022 1308; x_wconf 89' lang='lat' dir='ltr'>finitimas</span> <span class='ocrx_word' id='word_1_79' title='bbox 1051 1250 1178 1309; x_wconf 89' lang='lat' dir='ltr'>civitates</span> 
     </span>
     <span class='ocr_line' id='line_1_12' title="bbox 192 1347 1179 1424; baseline 0.003 -23"><span class='ocrx_word' id='word_1_80' title='bbox 192 1354 241 1402; x_wconf 89' lang='lat' dir='ltr'>aut</span> <span class='ocrx_word' id='word_1_81' title='bbox 261 1347 375 1422; x_wconf 88' lang='lat' dir='ltr'>privatis</span> <span class='ocrx_word' id='word_1_82' title='bbox 397 1347 529 1424; x_wconf 92' lang='lat' dir='ltr'>hospitiis</span> <span class='ocrx_word' id='word_1_83' title='bbox 551 1348 653 1406; x_wconf 90' lang='lat' dir='ltr'>confisi</span> <span class='ocrx_word' id='word_1_84' title='bbox 674 1356 723 1406; x_wconf 90' lang='lat' dir='ltr'>aut</span> <span class='ocrx_word' id='word_1_85' title='bbox 744 1347 881 1405; x_wconf 89' lang='lat' dir='ltr'>societate</span> <span class='ocrx_word' id='word_1_86' title='bbox 903 1347 1089 1404; x_wconf 90' lang='lat' dir='ltr'>consiliorum</span> <span class='ocrx_word' id='word_1_87' title='bbox 1108 1365 1179 1406; x_wconf 90' lang='lat' dir='ltr'>con-</span> 
     </span>
     <span class='ocr_line' id='line_1_13' title="bbox 191 1441 1179 1520; baseline 0.006 -21"><span class='ocrx_word' id='word_1_88' title='bbox 191 1441 332 1518; x_wconf 85' lang='lat' dir='ltr'>fugerant.</span> <span class='ocrx_word' id='word_1_89' title='bbox 374 1445 509 1504; x_wconf 85' lang='lat' dir='ltr'>Frustra:</span> <span class='ocrx_word' id='word_1_90' title='bbox 531 1465 599 1504; x_wconf 87' lang='lat' dir='ltr'>nam</span> <span class='ocrx_word' id='word_1_91' title='bbox 621 1445 730 1504; x_wconf 89' lang='lat' dir='ltr'>Caesar</span> <span class='ocrx_word' id='word_1_92' title='bbox 748 1446 861 1520; x_wconf 85' lang='lat' dir='ltr'>magnis</span> <span class='ocrx_word' id='word_1_93' title='bbox 880 1445 1028 1502; x_wconf 90' lang='lat' dir='ltr'>itineribus</span> <span class='ocrx_word' id='word_1_94' title='bbox 1045 1447 1179 1505; x_wconf 89' lang='lat' dir='ltr'>omnibus</span> 
     </span>
     <span class='ocr_line' id='line_1_14' title="bbox 190 1539 1177 1619; baseline 0.004 -22"><span class='ocrx_word' id='word_1_95' title='bbox 190 1539 263 1600; x_wconf 90' lang='lat' dir='ltr'>locis</span> <span class='ocrx_word' id='word_1_96' title='bbox 282 1544 407 1602; x_wconf 92' lang='lat' dir='ltr'>occurrit</span> <span class='ocrx_word' id='word_1_97' title='bbox 421 1562 476 1602; x_wconf 91' lang='lat' dir='ltr'>nec</span> <span class='ocrx_word' id='word_1_98' title='bbox 498 1545 546 1602; x_wconf 88' lang='lat' dir='ltr'>dat</span> <span class='ocrx_word' id='word_1_99' title='bbox 560 1545 609 1602; x_wconf 92' lang='lat' dir='ltr'>ulli</span> <span class='ocrx_word' id='word_1_100' title='bbox 630 1543 734 1602; x_wconf 88' lang='lat' dir='ltr'>civitati</span> <span class='ocrx_word' id='word_1_101' title='bbox 756 1543 879 1619; x_wconf 87' lang='lat' dir='ltr'>spatium</span> <span class='ocrx_word' id='word_1_102' title='bbox 901 1542 938 1600; x_wconf 89' lang='lat' dir='ltr'>de</span> <span class='ocrx_word' id='word_1_103' title='bbox 959 1542 1052 1600; x_wconf 89' lang='lat' dir='ltr'>aliena</span> <span class='ocrx_word' id='word_1_104' title='bbox 1072 1544 1177 1618; x_wconf 91' lang='lat' dir='ltr'>potius,</span> 
     </span>
     <span class='ocr_line' id='line_1_15' title="bbox 192 1640 1179 1717; baseline 0.005 -22"><span class='ocrx_word' id='word_1_105' title='bbox 192 1656 280 1713; x_wconf 90' lang='lat' dir='ltr'>quam</span> <span class='ocrx_word' id='word_1_106' title='bbox 314 1641 351 1698; x_wconf 91' lang='lat' dir='ltr'>de</span> <span class='ocrx_word' id='word_1_107' title='bbox 380 1641 538 1700; x_wconf 90' lang='lat' dir='ltr'>domestica</span> <span class='ocrx_word' id='word_1_108' title='bbox 569 1642 658 1700; x_wconf 89' lang='lat' dir='ltr'>salute</span> <span class='ocrx_word' id='word_1_109' title='bbox 690 1641 853 1717; x_wconf 82' lang='lat' dir='ltr'>cogitandi3</span> <span class='ocrx_word' id='word_1_110' title='bbox 889 1658 946 1716; x_wconf 89' lang='lat' dir='ltr'>qua</span> <span class='ocrx_word' id='word_1_111' title='bbox 979 1640 1122 1699; x_wconf 88' lang='lat' dir='ltr'>celeritate</span> <span class='ocrx_word' id='word_1_112' title='bbox 1150 1652 1179 1700; x_wconf 91' lang='lat' dir='ltr'>et</span> 
     </span>
    </p>

    <p class='ocr_par' dir='ltr' id='par_1_5' title="bbox 145 1735 1179 2206">
     <span class='ocr_line' id='line_1_16' title="bbox 145 1735 1179 1797; baseline -0.001 0"><span class='ocrx_word' id='word_1_113' title='bbox 145 1745 174 1797; x_wconf 79' lang='lat'>¹5</span> <span class='ocrx_word' id='word_1_114' title='bbox 191 1735 291 1794; x_wconf 90' lang='lat' dir='ltr'>fideles</span> <span class='ocrx_word' id='word_1_115' title='bbox 310 1738 421 1796; x_wconf 90' lang='lat' dir='ltr'>amicos</span> <span class='ocrx_word' id='word_1_116' title='bbox 440 1739 579 1797; x_wconf 88' lang='lat' dir='ltr'>retinebat</span> <span class='ocrx_word' id='word_1_117' title='bbox 593 1749 621 1797; x_wconf 92' lang='lat' dir='ltr'>et</span> <span class='ocrx_word' id='word_1_118' title='bbox 641 1739 804 1797; x_wconf 87' lang='lat' dir='ltr'>dubitantes</span> <span class='ocrx_word' id='word_1_119' title='bbox 818 1748 925 1796; x_wconf 91' lang='lat' dir='ltr'>terrore</span> <span class='ocrx_word' id='word_1_120' title='bbox 939 1737 976 1795; x_wconf 91' lang='lat' dir='ltr'>ad</span> <span class='ocrx_word' id='word_1_121' title='bbox 991 1738 1179 1796; x_wconf 90' lang='lat' dir='ltr'>condiciones</span> 
     </span>
     <span class='ocr_line' id='line_1_17' title="bbox 190 1833 1178 1911; baseline 0.003 -20"><span class='ocrx_word' id='word_1_122' title='bbox 190 1833 270 1908; x_wconf 89' lang='lat' dir='ltr'>pacis</span> <span class='ocrx_word' id='word_1_123' title='bbox 284 1834 455 1894; x_wconf 90' lang='lat' dir='ltr'>adducebat.</span> <span class='ocrx_word' id='word_1_124' title='bbox 497 1836 562 1894; x_wconf 89' lang='lat' dir='ltr'>Tali</span> <span class='ocrx_word' id='word_1_125' title='bbox 583 1835 754 1895; x_wconf 91' lang='lat' dir='ltr'>condicione</span> <span class='ocrx_word' id='word_1_126' title='bbox 772 1835 921 1911; x_wconf 90' lang='lat' dir='ltr'>proposita</span> <span class='ocrx_word' id='word_1_127' title='bbox 937 1833 1089 1910; x_wconf 81' lang='lat' dir='ltr'>Bituriges,</span> <span class='ocrx_word' id='word_1_128' title='bbox 1110 1853 1178 1894; x_wconf 90' lang='lat' dir='ltr'>cum</span> 
     </span>
     <span class='ocr_line' id='line_1_18' title="bbox 190 1931 1177 2008; baseline 0.003 -21"><span class='ocrx_word' id='word_1_129' title='bbox 190 1931 244 1988; x_wconf 89' lang='lat' dir='ltr'>sibi</span> <span class='ocrx_word' id='word_1_130' title='bbox 278 1932 407 1991; x_wconf 88' lang='lat' dir='ltr'>viderent</span> <span class='ocrx_word' id='word_1_131' title='bbox 439 1933 591 1992; x_wconf 89' lang='lat' dir='ltr'>clementia</span> <span class='ocrx_word' id='word_1_132' title='bbox 621 1932 753 1992; x_wconf 89' lang='lat' dir='ltr'>Caesaris</span> <span class='ocrx_word' id='word_1_133' title='bbox 780 1933 903 1990; x_wconf 88' lang='lat' dir='ltr'>reditum</span> <span class='ocrx_word' id='word_1_134' title='bbox 933 1941 1030 2008; x_wconf 90' lang='lat' dir='ltr'>patere</span> <span class='ocrx_word' id='word_1_135' title='bbox 1058 1933 1088 1990; x_wconf 91' lang='lat' dir='ltr'>in</span> <span class='ocrx_word' id='word_1_136' title='bbox 1116 1933 1177 1990; x_wconf 86' lang='lat' dir='ltr'>eius</span> 
     </span>
     <span class='ocr_line' id='line_1_19' title="bbox 190 2029 1176 2108; baseline 0 -21"><span class='ocrx_word' id='word_1_137' title='bbox 190 2029 345 2087; x_wconf 89' lang='lat' dir='ltr'>amicitiam</span> <span class='ocrx_word' id='word_1_138' title='bbox 374 2030 566 2108; x_wconf 89' lang='lat' dir='ltr'>finitimasque</span> <span class='ocrx_word' id='word_1_139' title='bbox 594 2032 721 2090; x_wconf 87' lang='lat' dir='ltr'>civitates</span> <span class='ocrx_word' id='word_1_140' title='bbox 749 2031 811 2089; x_wconf 92' lang='lat' dir='ltr'>sine</span> <span class='ocrx_word' id='word_1_141' title='bbox 843 2030 901 2088; x_wconf 90' lang='lat' dir='ltr'>ulla</span> <span class='ocrx_word' id='word_1_142' title='bbox 934 2048 1030 2106; x_wconf 89' lang='lat' dir='ltr'>poena</span> <span class='ocrx_word' id='word_1_143' title='bbox 1062 2029 1176 2088; x_wconf 88' lang='lat' dir='ltr'>dedisse</span> 
     </span>
     <span class='ocr_line' id='line_1_20' title="bbox 189 2127 1028 2206; baseline 0.001 -21"><span class='ocrx_word' id='word_1_144' title='bbox 189 2127 306 2186; x_wconf 89' lang='lat' dir='ltr'>obsides</span> <span class='ocrx_word' id='word_1_145' title='bbox 321 2137 406 2204; x_wconf 90' lang='lat' dir='ltr'>atque</span> <span class='ocrx_word' id='word_1_146' title='bbox 421 2129 451 2186; x_wconf 91' lang='lat' dir='ltr'>in</span> <span class='ocrx_word' id='word_1_147' title='bbox 465 2131 553 2188; x_wconf 90' lang='lat' dir='ltr'>fidem</span> <span class='ocrx_word' id='word_1_148' title='bbox 567 2140 698 2206; x_wconf 91' lang='lat' dir='ltr'>receptas</span> <span class='ocrx_word' id='word_1_149' title='bbox 712 2147 785 2199; x_wconf 91' lang='lat' dir='ltr'>esse,</span> <span class='ocrx_word' id='word_1_150' title='bbox 799 2129 877 2187; x_wconf 90' lang='lat' dir='ltr'>idem</span> <span class='ocrx_word' id='word_1_151' title='bbox 891 2129 1028 2188; x_wconf 90' lang='lat' dir='ltr'>fecerunt.</span> 
     </span>
    </p>

    <p class='ocr_par' dir='ltr' id='par_1_6' title="bbox 144 2223 1178 2687">
     <span class='ocr_line' id='line_1_21' title="bbox 144 2223 1178 2303; baseline 0.001 -19"><span class='ocrx_word' id='word_1_152' title='bbox 144 2247 176 2284; x_wconf 85' lang='lat'>20</span> <span class='ocrx_word' id='word_1_153' title='bbox 229 2229 261 2282; x_wconf 89' lang='grc'>4.</span> <span class='ocrx_word' id='word_1_154' title='bbox 283 2223 391 2283; x_wconf 88' lang='lat' dir='ltr'>Caesar</span> <span class='ocrx_word' id='word_1_155' title='bbox 418 2227 553 2285; x_wconf 91' lang='lat' dir='ltr'>militibus</span> <span class='ocrx_word' id='word_1_156' title='bbox 578 2245 631 2303; x_wconf 93' lang='lat' dir='ltr'>pro</span> <span class='ocrx_word' id='word_1_157' title='bbox 659 2236 740 2284; x_wconf 91' lang='lat' dir='ltr'>tanto</span> <span class='ocrx_word' id='word_1_158' title='bbox 768 2227 866 2284; x_wconf 89' lang='lat' dir='ltr'>labore</span> <span class='ocrx_word' id='word_1_159' title='bbox 894 2245 928 2284; x_wconf 90' lang='lat' dir='ltr'>ac</span> <span class='ocrx_word' id='word_1_160' title='bbox 956 2227 1101 2302; x_wconf 90' lang='lat' dir='ltr'>patientia,</span> <span class='ocrx_word' id='word_1_161' title='bbox 1127 2227 1178 2302; x_wconf 92' lang='lat' dir='ltr'>qui</span> 
     </span>
     <span class='ocr_line' id='line_1_22' title="bbox 188 2321 1177 2400; baseline 0.005 -23"><span class='ocrx_word' id='word_1_162' title='bbox 188 2321 366 2381; x_wconf 90' lang='lat' dir='ltr'>brumalibus</span> <span class='ocrx_word' id='word_1_163' title='bbox 388 2324 499 2394; x_wconf 91' lang='lat' dir='ltr'>diebus,</span> <span class='ocrx_word' id='word_1_164' title='bbox 521 2325 670 2383; x_wconf 91' lang='lat' dir='ltr'>itineribus</span> <span class='ocrx_word' id='word_1_165' title='bbox 689 2324 869 2395; x_wconf 82' lang='lat' dir='ltr'>difficillimis,</span> <span class='ocrx_word' id='word_1_166' title='bbox 886 2323 1039 2400; x_wconf 89' lang='lat' dir='ltr'>frigoribus</span> <span class='ocrx_word' id='word_1_167' title='bbox 1060 2324 1177 2382; x_wconf 92' lang='lat' dir='ltr'>intoler-</span> 
     </span>
     <span class='ocr_line' id='line_1_23' title="bbox 187 2418 1177 2496; baseline 0.004 -22"><span class='ocrx_word' id='word_1_168' title='bbox 187 2418 270 2476; x_wconf 88' lang='lat' dir='ltr'>andis</span> <span class='ocrx_word' id='word_1_169' title='bbox 290 2418 499 2479; x_wconf 90' lang='lat' dir='ltr'>studiosissime</span> <span class='ocrx_word' id='word_1_170' title='bbox 518 2430 736 2496; x_wconf 87' lang='lat' dir='ltr'>permanserant</span> <span class='ocrx_word' id='word_1_171' title='bbox 754 2419 785 2477; x_wconf 94' lang='lat' dir='ltr'>in</span> <span class='ocrx_word' id='word_1_172' title='bbox 804 2421 912 2489; x_wconf 89' lang='lat' dir='ltr'>labore,</span> <span class='ocrx_word' id='word_1_173' title='bbox 928 2420 1056 2488; x_wconf 85' lang='lat' dir='ltr'>ducenos</span> <span class='ocrx_word' id='word_1_174' title='bbox 1074 2430 1177 2478; x_wconf 88' lang='lat' dir='ltr'>sester-</span> 
     </span>
     <span class='ocr_line' id='line_1_24' title="bbox 188 2514 1177 2593; baseline 0.003 -22"><span class='ocrx_word' id='word_1_175' title='bbox 188 2514 251 2585; x_wconf 89' lang='lat' dir='ltr'>tios,</span> <span class='ocrx_word' id='word_1_176' title='bbox 266 2517 482 2576; x_wconf 89' lang='lat' dir='ltr'>centurionibus</span> <span class='ocrx_word' id='word_1_177' title='bbox 496 2527 539 2576; x_wconf 89' lang='lat' dir='ltr'>tot</span> <span class='ocrx_word' id='word_1_178' title='bbox 553 2518 632 2575; x_wconf 91' lang='lat' dir='ltr'>milia</span> <span class='ocrx_word' id='word_1_179' title='bbox 651 2536 804 2576; x_wconf 92' lang='lat' dir='ltr'>nummum</span> <span class='ocrx_word' id='word_1_180' title='bbox 823 2517 948 2593; x_wconf 91' lang='lat' dir='ltr'>praedae</span> <span class='ocrx_word' id='word_1_181' title='bbox 967 2517 1085 2574; x_wconf 88' lang='lat' dir='ltr'>nomine</span> <span class='ocrx_word' id='word_1_182' title='bbox 1106 2534 1177 2578; x_wconf 86' lang='lat' dir='ltr'>con·¹</span> 
     </span>
     <span class='ocr_line' id='line_1_25' title="bbox 189 2607 1177 2687; baseline 0.005 -24"><span class='ocrx_word' id='word_1_183' title='bbox 189 2607 326 2666; x_wconf 89' lang='lat' dir='ltr'>donanda</span> <span class='ocrx_word' id='word_1_184' title='bbox 340 2609 489 2684; x_wconf 91' lang='lat' dir='ltr'>pollicetur</span> <span class='ocrx_word' id='word_1_185' title='bbox 503 2611 722 2687; x_wconf 90' lang='lat' dir='ltr'>legionibusque</span> <span class='ocrx_word' id='word_1_186' title='bbox 735 2612 766 2668; x_wconf 92' lang='lat' dir='ltr'>ln</span> <span class='ocrx_word' id='word_1_187' title='bbox 780 2612 900 2669; x_wconf 90' lang='lat' dir='ltr'>hiberna</span> <span class='ocrx_word' id='word_1_188' title='bbox 913 2612 1040 2669; x_wconf 89' lang='lat' dir='ltr'>remissis</span> <span class='ocrx_word' id='word_1_189' title='bbox 1060 2610 1122 2687; x_wconf 91' lang='lat' dir='ltr'>ipse</span> <span class='ocrx_word' id='word_1_190' title='bbox 1145 2629 1177 2669; x_wconf 90' lang='lat' dir='ltr'>se</span> 
     </span>
    </p>

    <p class='ocr_par' dir='ltr' id='par_1_7' title="bbox 143 2704 1178 3174">
     <span class='ocr_line' id='line_1_26' title="bbox 143 2704 1176 2783; baseline 0.001 -18"><span class='ocrx_word' id='word_1_191' title='bbox 143 2730 173 2779; x_wconf 81' lang='lat'>25</span> <span class='ocrx_word' id='word_1_192' title='bbox 188 2704 289 2780; x_wconf 93' lang='lat' dir='ltr'>recipit</span> <span class='ocrx_word' id='word_1_193' title='bbox 313 2706 360 2764; x_wconf 92' lang='lat' dir='ltr'>die</span> <span class='ocrx_word' id='word_1_194' title='bbox 385 2708 608 2783; x_wconf 88' lang='lat' dir='ltr'>quadragesimo</span> <span class='ocrx_word' id='word_1_195' title='bbox 633 2707 775 2767; x_wconf 87' lang='lat' dir='ltr'>Bibracte.</span> <span class='ocrx_word' id='word_1_196' title='bbox 825 2708 870 2767; x_wconf 93' lang='lat' dir='ltr'>Ibi</span> <span class='ocrx_word' id='word_1_197' title='bbox 894 2725 961 2766; x_wconf 90' lang='lat' dir='ltr'>curn</span> <span class='ocrx_word' id='word_1_198' title='bbox 988 2709 1033 2766; x_wconf 90' lang='lat' dir='ltr'>ius</span> <span class='ocrx_word' id='word_1_199' title='bbox 1060 2708 1176 2780; x_wconf 91' lang='lat' dir='ltr'>diceret,</span> 
     </span>
     <span class='ocr_line' id='line_1_27' title="bbox 189 2802 1178 2883; baseline 0.002 -21"><span class='ocrx_word' id='word_1_200' title='bbox 189 2802 332 2879; x_wconf 90' lang='lat' dir='ltr'>Bituriges</span> <span class='ocrx_word' id='word_1_201' title='bbox 352 2805 390 2862; x_wconf 94' lang='lat' dir='ltr'>ad</span> <span class='ocrx_word' id='word_1_202' title='bbox 411 2824 478 2863; x_wconf 90' lang='lat' dir='ltr'>eum</span> <span class='ocrx_word' id='word_1_203' title='bbox 502 2807 613 2883; x_wconf 89' lang='lat' dir='ltr'>legatos</span> <span class='ocrx_word' id='word_1_204' title='bbox 634 2807 749 2865; x_wconf 93' lang='lat' dir='ltr'>mittunt</span> <span class='ocrx_word' id='word_1_205' title='bbox 769 2807 905 2864; x_wconf 85' lang='lat' dir='ltr'>auxilium</span> <span class='ocrx_word' id='word_1_206' title='bbox 930 2805 1050 2880; x_wconf 92' lang='lat' dir='ltr'>petitum</span> <span class='ocrx_word' id='word_1_207' title='bbox 1076 2815 1178 2864; x_wconf 88' lang='lat' dir='ltr'>contra</span> 
     </span>
     <span class='ocr_line' id='line_1_28' title="bbox 188 2899 1177 2978; baseline 0.002 -19"><span class='ocrx_word' id='word_1_208' title='bbox 188 2899 340 2973; x_wconf 88' lang='lat' dir='ltr'>Carnutes,</span> <span class='ocrx_word' id='word_1_209' title='bbox 362 2919 436 2977; x_wconf 93' lang='lat' dir='ltr'>quos</span> <span class='ocrx_word' id='word_1_210' title='bbox 457 2903 585 2962; x_wconf 91' lang='lat' dir='ltr'>intulisse</span> <span class='ocrx_word' id='word_1_211' title='bbox 606 2904 713 2962; x_wconf 91' lang='lat' dir='ltr'>bellum</span> <span class='ocrx_word' id='word_1_212' title='bbox 738 2904 790 2962; x_wconf 93' lang='lat' dir='ltr'>sibi</span> <span class='ocrx_word' id='word_1_213' title='bbox 811 2904 1011 2978; x_wconf 88' lang='lat' dir='ltr'>querebantur.</span> <span class='ocrx_word' id='word_1_214' title='bbox 1054 2902 1122 2974; x_wconf 91' lang='lat' dir='ltr'>Qua</span> <span class='ocrx_word' id='word_1_215' title='bbox 1145 2922 1177 2962; x_wconf 94' lang='lat' dir='ltr'>re</span> 
     </span>
     <span class='ocr_line' id='line_1_29' title="bbox 189 2999 1176 3076; baseline 0.003 -20"><span class='ocrx_word' id='word_1_216' title='bbox 189 2999 307 3073; x_wconf 91' lang='lat' dir='ltr'>cognita</span> <span class='ocrx_word' id='word_1_217' title='bbox 329 3017 395 3057; x_wconf 93' lang='lat' dir='ltr'>cum</span> <span class='ocrx_word' id='word_1_218' title='bbox 417 3000 478 3058; x_wconf 92' lang='lat' dir='ltr'>dies</span> <span class='ocrx_word' id='word_1_219' title='bbox 503 3019 564 3058; x_wconf 91' lang='lat' dir='ltr'>non</span> <span class='ocrx_word' id='word_1_220' title='bbox 588 3002 711 3076; x_wconf 89' lang='lat' dir='ltr'>amplius</span> <span class='ocrx_word' id='word_1_221' title='bbox 736 3001 837 3060; x_wconf 88' lang='lat' dir='ltr'>decern</span> <span class='ocrx_word' id='word_1_222' title='bbox 862 3011 890 3058; x_wconf 89' lang='lat' dir='ltr'>et</span> <span class='ocrx_word' id='word_1_223' title='bbox 910 3011 978 3058; x_wconf 94' lang='lat' dir='ltr'>octo</span> <span class='ocrx_word' id='word_1_224' title='bbox 999 3001 1029 3057; x_wconf 94' lang='lat' dir='ltr'>in</span> <span class='ocrx_word' id='word_1_225' title='bbox 1049 3000 1176 3059; x_wconf 89' lang='lat' dir='ltr'>hibernis</span> 
     </span>
     <span class='ocr_line' id='line_1_30' title="bbox 188 3097 1177 3174; baseline 0.004 -20"><span class='ocrx_word' id='word_1_226' title='bbox 188 3107 264 3154; x_wconf 90' lang='lat' dir='ltr'>esset</span> <span class='ocrx_word' id='word_1_227' title='bbox 291 3107 429 3168; x_wconf 88' lang='lat' dir='ltr'>moratus,</span> <span class='ocrx_word' id='word_1_228' title='bbox 457 3099 587 3174; x_wconf 88' lang='lat' dir='ltr'>legiones</span> <span class='ocrx_word' id='word_1_229' title='bbox 616 3117 667 3156; x_wconf 86' lang='lat' dir='ltr'>xrv</span> <span class='ocrx_word' id='word_1_230' title='bbox 691 3110 720 3157; x_wconf 89' lang='lat' dir='ltr'>et</span> <span class='ocrx_word' id='word_1_231' title='bbox 744 3116 777 3156; x_wconf 90' lang='lat' dir='ltr'>vr</span> <span class='ocrx_word' id='word_1_232' title='bbox 804 3118 841 3156; x_wconf 87' lang='lat' dir='ltr'>ex</span> <span class='ocrx_word' id='word_1_233' title='bbox 868 3097 994 3158; x_wconf 91' lang='lat' dir='ltr'>hibernis</span> <span class='ocrx_word' id='word_1_234' title='bbox 1022 3100 1059 3157; x_wconf 94' lang='lat' dir='ltr'>ab</span> <span class='ocrx_word' id='word_1_235' title='bbox 1087 3101 1177 3158; x_wconf 89' lang='lat' dir='ltr'>Arare</span> 
     </span>
    </p>

    <p class='ocr_par' dir='ltr' id='par_1_8' title="bbox 141 3195 1178 3565">
     <span class='ocr_line' id='line_1_31' title="bbox 141 3195 1178 3272; baseline 0.005 -21"><span class='ocrx_word' id='word_1_236' title='bbox 141 3212 174 3262; x_wconf 76' lang='lat'>,30</span> <span class='ocrx_word' id='word_1_237' title='bbox 188 3195 292 3265; x_wconf 91' lang='lat' dir='ltr'>educit,</span> <span class='ocrx_word' id='word_1_238' title='bbox 308 3213 379 3271; x_wconf 89' lang='lat' dir='ltr'>quas</span> <span class='ocrx_word' id='word_1_239' title='bbox 394 3196 432 3253; x_wconf 92' lang='lat' dir='ltr'>ibi</span> <span class='ocrx_word' id='word_1_240' title='bbox 447 3197 603 3255; x_wconf 90' lang='lat' dir='ltr'>collocatas</span> <span class='ocrx_word' id='word_1_241' title='bbox 618 3197 805 3272; x_wconf 86' lang='lat' dir='ltr'>explicandae</span> <span class='ocrx_word' id='word_1_242' title='bbox 820 3197 860 3254; x_wconf 92' lang='lat' dir='ltr'>rei</span> <span class='ocrx_word' id='word_1_243' title='bbox 874 3195 1075 3255; x_wconf 90' lang='lat' dir='ltr'>frumentariae</span> <span class='ocrx_word' id='word_1_244' title='bbox 1090 3215 1178 3256; x_wconf 89' lang='lat' dir='ltr'>causa</span> 
     </span>
     <span class='ocr_line' id='line_1_32' title="bbox 188 3294 1177 3369; baseline 0 -17"><span class='ocrx_word' id='word_1_245' title='bbox 188 3295 334 3369; x_wconf 91' lang='lat' dir='ltr'>superiore</span> <span class='ocrx_word' id='word_1_246' title='bbox 357 3295 565 3352; x_wconf 91' lang='lat' dir='ltr'>commentario</span> <span class='ocrx_word' id='word_1_247' title='bbox 584 3294 813 3353; x_wconf 90' lang='lat' dir='ltr'>demonstratum</span> <span class='ocrx_word' id='word_1_248' title='bbox 831 3304 893 3352; x_wconf 88' lang='lat' dir='ltr'>est:</span> <span class='ocrx_word' id='word_1_249' title='bbox 921 3294 960 3353; x_wconf 89' lang='lat' dir='ltr'>ita</span> <span class='ocrx_word' id='word_1_250' title='bbox 977 3313 1044 3353; x_wconf 93' lang='lat' dir='ltr'>cum</span> <span class='ocrx_word' id='word_1_251' title='bbox 1065 3295 1177 3362; x_wconf 87' lang='lat' dir='ltr'>duabus</span> 
     </span>
     <span class='ocr_line' id='line_1_33' title="bbox 187 3389 1178 3468; baseline 0.005 -21"><span class='ocrx_word' id='word_1_252' title='bbox 187 3389 350 3464; x_wconf 91' lang='lat' dir='ltr'>legionibus</span> <span class='ocrx_word' id='word_1_253' title='bbox 366 3390 402 3447; x_wconf 91' lang='lat' dir='ltr'>ad</span> <span class='ocrx_word' id='word_1_254' title='bbox 422 3391 639 3465; x_wconf 91' lang='lat' dir='ltr'>persequendos</span> <span class='ocrx_word' id='word_1_255' title='bbox 655 3390 796 3450; x_wconf 89' lang='lat' dir='ltr'>Carnutes</span> <span class='ocrx_word' id='word_1_256' title='bbox 810 3392 1004 3468; x_wconf 89' lang='lat' dir='ltr'>proficiscitur.</span> <span class='ocrx_word' id='word_1_257' title='bbox 1048 3398 1076 3450; x_wconf 82' lang='lat'>5.</span> <span class='ocrx_word' id='word_1_258' title='bbox 1100 3389 1178 3452; x_wconf 88' lang='lat' dir='ltr'>Cum</span> 
     </span>
     <span class='ocr_line' id='line_1_34' title="bbox 187 3486 1178 3565; baseline 0.005 -22"><span class='ocrx_word' id='word_1_259' title='bbox 187 3486 266 3544; x_wconf 87' lang='lat' dir='ltr'>fama</span> <span class='ocrx_word' id='word_1_260' title='bbox 284 3487 427 3544; x_wconf 87' lang='lat' dir='ltr'>exercitus</span> <span class='ocrx_word' id='word_1_261' title='bbox 445 3487 482 3544; x_wconf 87' lang='lat' dir='ltr'>ad</span> <span class='ocrx_word' id='word_1_262' title='bbox 495 3486 595 3545; x_wconf 89' lang='lat' dir='ltr'>hostes</span> <span class='ocrx_word' id='word_1_263' title='bbox 614 3499 690 3546; x_wconf 91' lang='lat' dir='ltr'>esset</span> <span class='ocrx_word' id='word_1_264' title='bbox 703 3489 820 3565; x_wconf 90' lang='lat' dir='ltr'>perlata,</span> <span class='ocrx_word' id='word_1_265' title='bbox 841 3490 1001 3548; x_wconf 86' lang='lat' dir='ltr'>calamitate</span> <span class='ocrx_word' id='word_1_266' title='bbox 1017 3499 1178 3549; x_wconf 90' lang='lat' dir='ltr'>ceterorum</span> 
     </span>
    </p>
   </div>
   <div class='ocr_carea' id='block_1_3' title="bbox 0 0 1330 3928">
    <p class='ocr_par' dir='ltr' id='par_1_9' title="bbox 0 0 1330 3928">
     <span class='ocr_line' id='line_1_35' title="bbox 0 0 1330 3928; baseline 0 0"><span class='ocrx_word' id='word_1_267' title='bbox 0 0 1330 3928; x_wconf 95' lang='lat' dir='ltr'> </span> 
     </span>
    </p>
   </div>
  </div>
 </body>
</html>
