<?xml version="1.0" encoding="UTF-8"?>
<!DOCTYPE html PUBLIC "-//W3C//DTD XHTML 1.0 Transitional//EN"
    "http://www.w3.org/TR/xhtml1/DTD/xhtml1-transitional.dtd">
<html xmlns="http://www.w3.org/1999/xhtml" xml:lang="en" lang="en">
 <head>
  <title>
</title>
<meta http-equiv="Content-Type" content="text/html;charset=utf-8" />
  <meta name='ocr-system' content='tesseract 3.04.00' />
  <meta name='ocr-capabilities' content='ocr_page ocr_carea ocr_par ocr_line ocrx_word'/>
</head>
<body>
  <div class='ocr_page' id='page_1' title='image "./commentariescju01caesgoog_0227.png"; bbox 0 0 2652 3928; ppageno 0'>
   <div class='ocr_carea' id='block_1_1' title="bbox 136 169 1180 272">
    <p class='ocr_par' dir='ltr' id='par_1_1' title="bbox 136 169 1180 272">
     <span class='ocr_line' id='line_1_1' title="bbox 136 169 1180 272; baseline 0.001 -40"><span class='ocrx_word' id='word_1_1' title='bbox 136 254 145 272; x_wconf 44' lang='lat'><strong>·</strong></span> <span class='ocrx_word' id='word_1_2' title='bbox 190 169 248 234; x_wconf 86' lang='lat'><strong>188</strong></span> <span class='ocrx_word' id='word_1_3' title='bbox 594 185 628 234; x_wconf 79' lang='grc' dir='ltr'><strong>Α.</strong></span> <span class='ocrx_word' id='word_1_4' title='bbox 652 184 773 234; x_wconf 76' lang='lat' dir='ltr'><strong>nrnrrr</strong></span> <span class='ocrx_word' id='word_1_5' title='bbox 916 238 919 244; x_wconf 73' lang='grc'>,</span> <span class='ocrx_word' id='word_1_6' title='bbox 1107 191 1180 234; x_wconf 86' lang='lat' dir='ltr'><strong>vm.</strong></span> 
     </span>
    </p>
   </div>
   <div class='ocr_carea' id='block_1_2' title="bbox 120 331 1182 3534">
    <p class='ocr_par' dir='ltr' id='par_1_2' title="bbox 120 331 1182 3534">
     <span class='ocr_line' id='line_1_2' title="bbox 190 331 1182 412; baseline -0.001 -22"><span class='ocrx_word' id='word_1_7' title='bbox 190 331 284 392; x_wconf 91' lang='lat' dir='ltr'><strong>Portis</strong></span> <span class='ocrx_word' id='word_1_8' title='bbox 304 333 384 392; x_wconf 89' lang='lat' dir='ltr'><strong>fores</strong></span> <span class='ocrx_word' id='word_1_9' title='bbox 406 333 579 410; x_wconf 85' lang='lat' dir='ltr'>altioresque</span> <span class='ocrx_word' id='word_1_10' title='bbox 598 343 689 393; x_wconf 89' lang='lat' dir='ltr'><strong>turres</strong></span> <span class='ocrx_word' id='word_1_11' title='bbox 708 337 856 412; x_wconf 89' lang='lat' dir='ltr'><strong>imposuit.</strong></span> <span class='ocrx_word' id='word_1_12' title='bbox 898 342 947 395; x_wconf 91' lang='lat'><strong>10.</strong></span> <span class='ocrx_word' id='word_1_13' title='bbox 970 335 1066 394; x_wconf 90' lang='lat' dir='ltr'><strong>Huius</strong></span> <span class='ocrx_word' id='word_1_14' title='bbox 1085 334 1182 390; x_wconf 89' lang='lat' dir='ltr'><strong>muni-</strong></span> 
     </span>
     <span class='ocr_line' id='line_1_3' title="bbox 151 417 1182 510; baseline -0.001 -23"><span class='ocrx_word' id='word_1_15' title='bbox 151 417 160 440; x_wconf 70' lang='lat'><em>⁹</em></span> <span class='ocrx_word' id='word_1_16' title='bbox 189 431 275 490; x_wconf 89' lang='lat' dir='ltr'><strong>tionis</strong></span> <span class='ocrx_word' id='word_1_17' title='bbox 291 431 397 507; x_wconf 86' lang='lat' dir='ltr'>duplex</span> <span class='ocrx_word' id='word_1_18' title='bbox 412 441 473 489; x_wconf 91' lang='lat' dir='ltr'><strong>erat</strong></span> <span class='ocrx_word' id='word_1_19' title='bbox 492 432 653 490; x_wconf 91' lang='lat' dir='ltr'><strong>consilium.</strong></span> <span class='ocrx_word' id='word_1_20' title='bbox 695 432 830 510; x_wconf 86' lang='lat' dir='ltr'><strong>Namque</strong></span> <span class='ocrx_word' id='word_1_21' title='bbox 849 443 877 492; x_wconf 90' lang='lat' dir='ltr'><strong>et</strong></span> <span class='ocrx_word' id='word_1_22' title='bbox 895 451 1017 509; x_wconf 91' lang='lat' dir='ltr'><strong>operum</strong></span> <span class='ocrx_word' id='word_1_23' title='bbox 1038 431 1182 506; x_wconf 90' lang='lat' dir='ltr'><strong>magnitu-</strong></span> 
     </span>
     <span class='ocr_line' id='line_1_4' title="bbox 184 529 1182 607; baseline -0.002 -20"><span class='ocrx_word' id='word_1_24' title='bbox 184 529 285 588; x_wconf 89' lang='lat' dir='ltr'><strong>dinem</strong></span> <span class='ocrx_word' id='word_1_25' title='bbox 305 540 335 588; x_wconf 91' lang='lat' dir='ltr'><strong>et</strong></span> <span class='ocrx_word' id='word_1_26' title='bbox 359 531 493 588; x_wconf 90' lang='lat' dir='ltr'><strong>timorem</strong></span> <span class='ocrx_word' id='word_1_27' title='bbox 518 549 603 588; x_wconf 88' lang='lat' dir='ltr'><strong>suurn</strong></span> <span class='ocrx_word' id='word_1_28' title='bbox 627 533 762 607; x_wconf 85' lang='lat' dir='ltr'>sperabat</span> <span class='ocrx_word' id='word_1_29' title='bbox 786 532 923 597; x_wconf 89' lang='lat' dir='ltr'><strong>fiduciam</strong></span> <span class='ocrx_word' id='word_1_30' title='bbox 946 533 1075 589; x_wconf 90' lang='lat' dir='ltr'><strong>barbaris</strong></span> <span class='ocrx_word' id='word_1_31' title='bbox 1100 530 1182 588; x_wconf 90' lang='lat' dir='ltr'><strong>allat-</strong></span> 
     </span>
     <span class='ocr_line' id='line_1_5' title="bbox 187 628 1182 704; baseline 0.002 -22"><span class='ocrx_word' id='word_1_32' title='bbox 187 644 280 698; x_wconf 89' lang='lat' dir='ltr'><strong>urum,</strong></span> <span class='ocrx_word' id='word_1_33' title='bbox 309 637 337 684; x_wconf 90' lang='lat' dir='ltr'><strong>et</strong></span> <span class='ocrx_word' id='word_1_34' title='bbox 364 646 431 685; x_wconf 93' lang='lat' dir='ltr'><strong>cum</strong></span> <span class='ocrx_word' id='word_1_35' title='bbox 463 628 631 704; x_wconf 90' lang='lat' dir='ltr'><strong>pabulatum</strong></span> <span class='ocrx_word' id='word_1_36' title='bbox 665 628 929 704; x_wconf 83' lang='lat' dir='ltr'><strong>frumentatumque</strong></span> <span class='ocrx_word' id='word_1_37' title='bbox 956 628 1072 704; x_wconf 87' lang='lat' dir='ltr'><strong>longius</strong></span> <span class='ocrx_word' id='word_1_38' title='bbox 1105 637 1182 685; x_wconf 92' lang='lat' dir='ltr'><strong>esset</strong></span> 
     </span>
     <span class='ocr_line' id='line_1_6' title="bbox 161 725 1182 802; baseline 0.004 -22"><span class='ocrx_word' id='word_1_39' title='bbox 161 725 441 800; x_wconf 88' lang='lat' dir='ltr'><strong>5proliciscendum,</strong></span> <span class='ocrx_word' id='word_1_40' title='bbox 462 727 555 801; x_wconf 90' lang='lat' dir='ltr'><strong>parvis</strong></span> <span class='ocrx_word' id='word_1_41' title='bbox 577 727 668 802; x_wconf 90' lang='lat' dir='ltr'><strong>copiis</strong></span> <span class='ocrx_word' id='word_1_42' title='bbox 688 738 781 785; x_wconf 90' lang='lat' dir='ltr'><strong>castra</strong></span> <span class='ocrx_word' id='word_1_43' title='bbox 802 727 963 786; x_wconf 89' lang='lat' dir='ltr'><strong>munitione</strong></span> <span class='ocrx_word' id='word_1_44' title='bbox 985 727 1048 802; x_wconf 91' lang='lat' dir='ltr'><strong>ipsa</strong></span> <span class='ocrx_word' id='word_1_45' title='bbox 1066 726 1182 784; x_wconf 87' lang='lat' dir='ltr'><strong>videbat</strong></span> 
     </span>
     <span class='ocr_line' id='line_1_7' title="bbox 188 823 1181 900; baseline -0.001 -21"><span class='ocrx_word' id='word_1_46' title='bbox 188 840 278 897; x_wconf 53' lang='lat' dir='ltr'><strong>‘posse</strong></span> <span class='ocrx_word' id='word_1_47' title='bbox 297 823 421 881; x_wconf 86' lang='lat' dir='ltr'><strong>defendi.</strong></span> <span class='ocrx_word' id='word_1_48' title='bbox 464 823 583 880; x_wconf 87' lang='lat' dir='ltr'><strong>Interim</strong></span> <span class='ocrx_word' id='word_1_49' title='bbox 606 826 708 882; x_wconf 89' lang='lat' dir='ltr'><strong>crebro</strong></span> <span class='ocrx_word' id='word_1_50' title='bbox 728 825 828 899; x_wconf 83' lang='lat' dir='ltr'><strong>paucis</strong></span> <span class='ocrx_word' id='word_1_51' title='bbox 847 824 990 900; x_wconf 89' lang='lat' dir='ltr'><strong>utrimque</strong></span> <span class='ocrx_word' id='word_1_52' title='bbox 1010 841 1181 899; x_wconf 88' lang='lat' dir='ltr'><strong>procurren-</strong></span> 
     </span>
     <span class='ocr_line' id='line_1_8' title="bbox 120 919 1180 998; baseline 0.001 -23"><span class='ocrx_word' id='word_1_53' title='bbox 120 925 123 930; x_wconf 85' lang='lat'>&#39;</span> <span class='ocrx_word' id='word_1_54' title='bbox 188 919 265 976; x_wconf 92' lang='lat' dir='ltr'><strong>tibus</strong></span> <span class='ocrx_word' id='word_1_55' title='bbox 292 921 365 978; x_wconf 92' lang='lat' dir='ltr'><strong>inter</strong></span> <span class='ocrx_word' id='word_1_56' title='bbox 388 921 456 978; x_wconf 90' lang='lat' dir='ltr'><strong>bina</strong></span> <span class='ocrx_word' id='word_1_57' title='bbox 486 931 578 979; x_wconf 89' lang='lat' dir='ltr'><strong>castra</strong></span> <span class='ocrx_word' id='word_1_58' title='bbox 612 921 718 998; x_wconf 91' lang='lat' dir='ltr'><strong>palude</strong></span> <span class='ocrx_word' id='word_1_59' title='bbox 750 922 899 978; x_wconf 89' lang='lat' dir='ltr'><strong>interiecta</strong></span> <span class='ocrx_word' id='word_1_60' title='bbox 932 921 1180 992; x_wconf 79' lang='lat' dir='ltr'><strong>contendebatur3</strong></span> 
     </span>
     <span class='ocr_line' id='line_1_9' title="bbox 190 1019 1182 1095; baseline 0.002 -21"><span class='ocrx_word' id='word_1_61' title='bbox 190 1035 278 1092; x_wconf 88' lang='lat' dir='ltr'><strong>quam</strong></span> <span class='ocrx_word' id='word_1_62' title='bbox 305 1027 401 1076; x_wconf 90' lang='lat' dir='ltr'><strong>tamen</strong></span> <span class='ocrx_word' id='word_1_63' title='bbox 438 1019 576 1095; x_wconf 86' lang='lat' dir='ltr'><strong>paludem</strong></span> <span class='ocrx_word' id='word_1_64' title='bbox 611 1037 833 1095; x_wconf 88' lang='lat' dir='ltr'><strong>nonnumquam</strong></span> <span class='ocrx_word' id='word_1_65' title='bbox 861 1029 910 1076; x_wconf 91' lang='lat' dir='ltr'><strong>aut</strong></span> <span class='ocrx_word' id='word_1_66' title='bbox 942 1029 1042 1076; x_wconf 90' lang='lat' dir='ltr'><strong>nostra</strong></span> <span class='ocrx_word' id='word_1_67' title='bbox 1074 1019 1182 1076; x_wconf 85' lang='lat' dir='ltr'><strong>auxilia</strong></span> 
     </span>
     <span class='ocr_line' id='line_1_10' title="bbox 191 1117 1181 1196; baseline 0 -20"><span class='ocrx_word' id='word_1_68' title='bbox 191 1117 340 1176; x_wconf 87' lang='lat' dir='ltr'><strong>Gallorum</strong></span> <span class='ocrx_word' id='word_1_69' title='bbox 380 1118 653 1196; x_wconf 87' lang='lat' dir='ltr'><strong>Germanorumque</strong></span> <span class='ocrx_word' id='word_1_70' title='bbox 695 1120 856 1177; x_wconf 87' lang='lat' dir='ltr'><strong>transibant</strong></span> <span class='ocrx_word' id='word_1_71' title='bbox 894 1119 1044 1195; x_wconf 90' lang='lat' dir='ltr'><strong>acriusque</strong></span> <span class='ocrx_word' id='word_1_72' title='bbox 1081 1117 1181 1176; x_wconf 87' lang='lat' dir='ltr'><strong>hostes</strong></span> 
     </span>
     <span class='ocr_line' id='line_1_11' title="bbox 148 1216 1181 1291; baseline 0 -19"><span class='ocrx_word' id='word_1_73' title='bbox 148 1236 176 1272; x_wconf 90' lang='lat'><strong>10</strong></span> <span class='ocrx_word' id='word_1_74' title='bbox 189 1216 423 1291; x_wconf 89' lang='lat' dir='ltr'><strong>insequebantur,</strong></span> <span class='ocrx_word' id='word_1_75' title='bbox 439 1225 488 1273; x_wconf 89' lang='lat' dir='ltr'><strong>aut</strong></span> <span class='ocrx_word' id='word_1_76' title='bbox 501 1217 628 1275; x_wconf 90' lang='lat' dir='ltr'><strong>vicissim</strong></span> <span class='ocrx_word' id='word_1_77' title='bbox 642 1216 741 1275; x_wconf 91' lang='lat' dir='ltr'><strong>hostes</strong></span> <span class='ocrx_word' id='word_1_78' title='bbox 761 1216 865 1274; x_wconf 92' lang='lat' dir='ltr'><strong>eadem</strong></span> <span class='ocrx_word' id='word_1_79' title='bbox 878 1217 1049 1291; x_wconf 84' lang='lat' dir='ltr'><strong>transgressi</strong></span> <span class='ocrx_word' id='word_1_80' title='bbox 1063 1226 1181 1274; x_wconf 87' lang='lat' dir='ltr'><strong>nostros</strong></span> 
     </span>
     <span class='ocr_line' id='line_1_12' title="bbox 188 1313 1181 1390; baseline 0 -20"><span class='ocrx_word' id='word_1_81' title='bbox 188 1313 303 1388; x_wconf 88' lang='lat' dir='ltr'><strong>longius</strong></span> <span class='ocrx_word' id='word_1_82' title='bbox 328 1315 547 1372; x_wconf 90' lang='lat' dir='ltr'><strong>submovebant.</strong></span> <span class='ocrx_word' id='word_1_83' title='bbox 589 1315 749 1372; x_wconf 88' lang='lat' dir='ltr'><strong>Accidebat</strong></span> <span class='ocrx_word' id='word_1_84' title='bbox 768 1323 865 1372; x_wconf 91' lang='lat' dir='ltr'><strong>autern</strong></span> <span class='ocrx_word' id='word_1_85' title='bbox 890 1315 1040 1372; x_wconf 91' lang='lat' dir='ltr'><strong>cotidianis</strong></span> <span class='ocrx_word' id='word_1_86' title='bbox 1060 1313 1181 1390; x_wconf 89' lang='lat' dir='ltr'><strong>pabula·-</strong></span> 
     </span>
     <span class='ocr_line' id='line_1_13' title="bbox 188 1411 1180 1486; baseline 0 -18"><span class='ocrx_word' id='word_1_87' title='bbox 188 1411 316 1470; x_wconf 92' lang='lat' dir='ltr'><strong>tionibus</strong></span> <span class='ocrx_word' id='word_1_88' title='bbox 337 1411 378 1484; x_wconf 84' lang='lat' dir='ltr'><strong>(id</strong></span> <span class='ocrx_word' id='word_1_89' title='bbox 398 1411 478 1486; x_wconf 93' lang='lat' dir='ltr'><strong>quod</strong></span> <span class='ocrx_word' id='word_1_90' title='bbox 497 1412 628 1470; x_wconf 92' lang='lat' dir='ltr'><strong>accidere</strong></span> <span class='ocrx_word' id='word_1_91' title='bbox 642 1423 702 1470; x_wconf 92' lang='lat' dir='ltr'><strong>erat</strong></span> <span class='ocrx_word' id='word_1_92' title='bbox 721 1430 849 1482; x_wconf 88' lang='lat' dir='ltr'><strong>necesse,</strong></span> <span class='ocrx_word' id='word_1_93' title='bbox 870 1429 937 1469; x_wconf 92' lang='lat' dir='ltr'><strong>cum</strong></span> <span class='ocrx_word' id='word_1_94' title='bbox 951 1412 1022 1470; x_wconf 91' lang='lat' dir='ltr'><strong>raris</strong></span> <span class='ocrx_word' id='word_1_95' title='bbox 1042 1411 1180 1470; x_wconf 91' lang='lat' dir='ltr'><strong>disiectis-</strong></span> 
     </span>
     <span class='ocr_line' id='line_1_14' title="bbox 186 1505 1180 1587; baseline -0.002 -21"><span class='ocrx_word' id='word_1_96' title='bbox 186 1525 246 1584; x_wconf 89' lang='lat' dir='ltr'><strong>que</strong></span> <span class='ocrx_word' id='word_1_97' title='bbox 265 1527 300 1566; x_wconf 86' lang='lat' dir='ltr'><strong>ex</strong></span> <span class='ocrx_word' id='word_1_98' title='bbox 319 1507 455 1566; x_wconf 89' lang='lat' dir='ltr'><strong>aedificiis</strong></span> <span class='ocrx_word' id='word_1_99' title='bbox 473 1509 613 1584; x_wconf 86' lang='lat' dir='ltr'><strong>pabulum</strong></span> <span class='ocrx_word' id='word_1_100' title='bbox 633 1505 871 1587; x_wconf 89' lang='lat' dir='ltr'><strong>conquireretur),</strong></span> <span class='ocrx_word' id='word_1_101' title='bbox 890 1519 922 1566; x_wconf 91' lang='lat' dir='ltr'><strong>ut</strong></span> <span class='ocrx_word' id='word_1_102' title='bbox 942 1509 1087 1584; x_wconf 91' lang='lat' dir='ltr'><strong>impeditis</strong></span> <span class='ocrx_word' id='word_1_103' title='bbox 1108 1508 1180 1566; x_wconf 91' lang='lat' dir='ltr'><strong>locis</strong></span> 
     </span>
     <span class='ocr_line' id='line_1_15' title="bbox 191 1606 1179 1684; baseline -0.001 -20"><span class='ocrx_word' id='word_1_104' title='bbox 191 1607 313 1682; x_wconf 89' lang='lat' dir='ltr'><strong>dispersi</strong></span> <span class='ocrx_word' id='word_1_105' title='bbox 354 1607 539 1683; x_wconf 88' lang='lat' dir='ltr'><strong>pabulatores</strong></span> <span class='ocrx_word' id='word_1_106' title='bbox 582 1607 875 1678; x_wconf 84' lang='lat' dir='ltr'><strong>circumvenirentur3</strong></span> <span class='ocrx_word' id='word_1_107' title='bbox 920 1626 995 1684; x_wconf 91' lang='lat' dir='ltr'><strong>quae</strong></span> <span class='ocrx_word' id='word_1_108' title='bbox 1029 1624 1084 1677; x_wconf 78' lang='lat' dir='ltr'><strong>reS,</strong></span> <span class='ocrx_word' id='word_1_109' title='bbox 1125 1606 1179 1664; x_wconf 89' lang='lat' dir='ltr'><strong>etsi</strong></span> 
     </span>
     <span class='ocr_line' id='line_1_16' title="bbox 149 1704 1179 1769; baseline 0.006 -13"><span class='ocrx_word' id='word_1_110' title='bbox 149 1721 177 1769; x_wconf 87' lang='lat'><strong>15</strong></span> <span class='ocrx_word' id='word_1_111' title='bbox 190 1705 336 1763; x_wconf 90' lang='lat' dir='ltr'><strong>mediocre</strong></span> <span class='ocrx_word' id='word_1_112' title='bbox 363 1704 565 1762; x_wconf 90' lang='lat' dir='ltr'><strong>detrimentum</strong></span> <span class='ocrx_word' id='word_1_113' title='bbox 600 1705 793 1762; x_wconf 90' lang='lat' dir='ltr'><strong>iumentorum</strong></span> <span class='ocrx_word' id='word_1_114' title='bbox 824 1723 858 1763; x_wconf 90' lang='lat' dir='ltr'><strong>ac</strong></span> <span class='ocrx_word' id='word_1_115' title='bbox 894 1722 1041 1763; x_wconf 88' lang='lat' dir='ltr'><strong>servorum</strong></span> <span class='ocrx_word' id='word_1_116' title='bbox 1074 1704 1179 1762; x_wconf 92' lang='lat' dir='ltr'><strong>nostris</strong></span> 
     </span>
     <span class='ocr_line' id='line_1_17' title="bbox 190 1801 1179 1876; baseline -0.002 -17"><span class='ocrx_word' id='word_1_117' title='bbox 190 1801 335 1872; x_wconf 87' lang='lat' dir='ltr'><strong>afferebat,</strong></span> <span class='ocrx_word' id='word_1_118' title='bbox 361 1811 459 1859; x_wconf 91' lang='lat' dir='ltr'><strong>tamen</strong></span> <span class='ocrx_word' id='word_1_119' title='bbox 485 1802 585 1860; x_wconf 85' lang='lat' dir='ltr'><strong>stultas</strong></span> <span class='ocrx_word' id='word_1_120' title='bbox 610 1802 800 1876; x_wconf 89' lang='lat' dir='ltr'><strong>cogitationes</strong></span> <span class='ocrx_word' id='word_1_121' title='bbox 825 1802 961 1860; x_wconf 89' lang='lat' dir='ltr'><strong>incitabat</strong></span> <span class='ocrx_word' id='word_1_122' title='bbox 982 1802 1179 1872; x_wconf 90' lang='lat' dir='ltr'><strong>barbarorum,</strong></span> 
     </span>
     <span class='ocr_line' id='line_1_18' title="bbox 190 1898 1181 1975; baseline -0.002 -19"><span class='ocrx_word' id='word_1_123' title='bbox 190 1908 276 1974; x_wconf 89' lang='lat' dir='ltr'><strong>atque</strong></span> <span class='ocrx_word' id='word_1_124' title='bbox 290 1916 326 1956; x_wconf 89' lang='lat' dir='ltr'><strong>eo</strong></span> <span class='ocrx_word' id='word_1_125' title='bbox 340 1898 441 1973; x_wconf 90' lang='lat' dir='ltr'><strong>magis,</strong></span> <span class='ocrx_word' id='word_1_126' title='bbox 464 1900 544 1975; x_wconf 94' lang='lat' dir='ltr'><strong>quod</strong></span> <span class='ocrx_word' id='word_1_127' title='bbox 559 1899 719 1968; x_wconf 88' lang='lat' dir='ltr'><strong>Commius,</strong></span> <span class='ocrx_word' id='word_1_128' title='bbox 739 1917 828 1975; x_wconf 90' lang='lat' dir='ltr'><strong>quem</strong></span> <span class='ocrx_word' id='word_1_129' title='bbox 847 1899 1009 1974; x_wconf 80' lang='lat' dir='ltr'><strong>proiectum</strong></span> <span class='ocrx_word' id='word_1_130' title='bbox 1024 1899 1061 1956; x_wconf 91' lang='lat' dir='ltr'><strong>ad</strong></span> <span class='ocrx_word' id='word_1_131' title='bbox 1076 1898 1181 1955; x_wconf 88' lang='lat' dir='ltr'><strong>auxilia</strong></span> 
     </span>
     <span class='ocr_line' id='line_1_19' title="bbox 191 1994 1180 2072; baseline -0.001 -19"><span class='ocrx_word' id='word_1_132' title='bbox 191 1994 404 2053; x_wconf 88' lang='lat' dir='ltr'><strong>Germanorum</strong></span> <span class='ocrx_word' id='word_1_133' title='bbox 423 1997 596 2054; x_wconf 88' lang='lat' dir='ltr'><strong>arcessenda</strong></span> <span class='ocrx_word' id='word_1_134' title='bbox 615 1996 710 2066; x_wconf 90' lang='lat' dir='ltr'><strong>docui,</strong></span> <span class='ocrx_word' id='word_1_135' title='bbox 728 2013 795 2053; x_wconf 92' lang='lat' dir='ltr'><strong>cum</strong></span> <span class='ocrx_word' id='word_1_136' title='bbox 814 1997 957 2072; x_wconf 91' lang='lat' dir='ltr'><strong>equitibus</strong></span> <span class='ocrx_word' id='word_1_137' title='bbox 973 2003 1090 2053; x_wconf 89' lang='lat' dir='ltr'><strong>venerat</strong></span> <span class='ocrx_word' id='word_1_138' title='bbox 1099 2015 1107 2068; x_wconf 86' lang='lat'>;</span> <span class='ocrx_word' id='word_1_139' title='bbox 1130 1996 1180 2072; x_wconf 92' lang='lat' dir='ltr'><strong>qui</strong></span> 
     </span>
     <span class='ocr_line' id='line_1_20' title="bbox 190 2091 1181 2169; baseline -0.004 -17"><span class='ocrx_word' id='word_1_140' title='bbox 190 2093 304 2152; x_wconf 88' lang='lat' dir='ltr'><strong>tametsi</strong></span> <span class='ocrx_word' id='word_1_141' title='bbox 324 2111 447 2152; x_wconf 90' lang='lat' dir='ltr'><strong>numero</strong></span> <span class='ocrx_word' id='word_1_142' title='bbox 472 2112 533 2152; x_wconf 93' lang='lat' dir='ltr'><strong>non</strong></span> <span class='ocrx_word' id='word_1_143' title='bbox 554 2094 677 2169; x_wconf 90' lang='lat' dir='ltr'><strong>amplius</strong></span> <span class='ocrx_word' id='word_1_144' title='bbox 698 2103 779 2150; x_wconf 90' lang='lat' dir='ltr'><strong>erant</strong></span> <span class='ocrx_word' id='word_1_145' title='bbox 800 2094 959 2168; x_wconf 84' lang='lat' dir='ltr'><strong>quingenti,</strong></span> <span class='ocrx_word' id='word_1_146' title='bbox 984 2101 1082 2150; x_wconf 92' lang='lat' dir='ltr'><strong>tamen</strong></span> <span class='ocrx_word' id='word_1_147' title='bbox 1106 2091 1181 2150; x_wconf 89' lang='lat' dir='ltr'><strong>Ger-</strong></span> 
     </span>
     <span class='ocr_line' id='line_1_21' title="bbox 147 2189 1180 2260; baseline -0.006 -9"><span class='ocrx_word' id='word_1_148' title='bbox 147 2223 178 2259; x_wconf 76' lang='lat'><strong>20</strong></span> <span class='ocrx_word' id='word_1_149' title='bbox 191 2210 344 2251; x_wconf 91' lang='lat' dir='ltr'><strong>manorum</strong></span> <span class='ocrx_word' id='word_1_150' title='bbox 374 2192 500 2250; x_wconf 87' lang='lat' dir='ltr'><strong>adventu</strong></span> <span class='ocrx_word' id='word_1_151' title='bbox 534 2192 648 2249; x_wconf 87' lang='lat' dir='ltr'><strong>barbari</strong></span> <span class='ocrx_word' id='word_1_152' title='bbox 679 2192 851 2249; x_wconf 72' lang='lat' dir='ltr'><strong>nitebantur,</strong></span> <span class='ocrx_word' id='word_1_153' title='bbox 902 2196 943 2248; x_wconf 91' lang='lat'><strong>11.</strong></span> <span class='ocrx_word' id='word_1_154' title='bbox 966 2189 1081 2260; x_wconf 90' lang='lat' dir='ltr'><strong>Caesar,</strong></span> <span class='ocrx_word' id='word_1_155' title='bbox 1112 2207 1180 2248; x_wconf 89' lang='lat' dir='ltr'><strong>curn</strong></span> 
     </span>
     <span class='ocr_line' id='line_1_22' title="bbox 191 2286 1180 2364; baseline -0.004 -16"><span class='ocrx_word' id='word_1_156' title='bbox 191 2289 427 2348; x_wconf 88' lang='lat' dir='ltr'><strong>animadverteret</strong></span> <span class='ocrx_word' id='word_1_157' title='bbox 454 2290 570 2348; x_wconf 91' lang='lat' dir='ltr'><strong>hostem</strong></span> <span class='ocrx_word' id='word_1_158' title='bbox 605 2289 768 2364; x_wconf 90' lang='lat' dir='ltr'><strong>complures</strong></span> <span class='ocrx_word' id='word_1_159' title='bbox 796 2288 856 2346; x_wconf 92' lang='lat' dir='ltr'><strong>dies</strong></span> <span class='ocrx_word' id='word_1_160' title='bbox 885 2287 985 2345; x_wconf 89' lang='lat' dir='ltr'><strong>castris</strong></span> <span class='ocrx_word' id='word_1_161' title='bbox 1019 2286 1123 2362; x_wconf 91' lang='lat' dir='ltr'><strong>palude</strong></span> <span class='ocrx_word' id='word_1_162' title='bbox 1152 2297 1180 2345; x_wconf 89' lang='lat' dir='ltr'><strong>et</strong></span> 
     </span>
     <span class='ocr_line' id='line_1_23' title="bbox 181 2385 1180 2466; baseline -0.005 -20"><span class='ocrx_word' id='word_1_163' title='bbox 181 2389 248 2466; x_wconf 77' lang='lat' dir='ltr'><strong>¹loci</strong></span> <span class='ocrx_word' id='word_1_164' title='bbox 261 2397 362 2445; x_wconf 88' lang='lat' dir='ltr'><strong>natura</strong></span> <span class='ocrx_word' id='word_1_165' title='bbox 380 2388 496 2446; x_wconf 91' lang='lat' dir='ltr'><strong>munitis</strong></span> <span class='ocrx_word' id='word_1_166' title='bbox 516 2405 547 2444; x_wconf 91' lang='lat' dir='ltr'><strong>se</strong></span> <span class='ocrx_word' id='word_1_167' title='bbox 562 2396 659 2444; x_wconf 89' lang='lat' dir='ltr'><strong>tenere</strong></span> <span class='ocrx_word' id='word_1_168' title='bbox 673 2403 767 2460; x_wconf 92' lang='lat' dir='ltr'><strong>neque</strong></span> <span class='ocrx_word' id='word_1_169' title='bbox 785 2385 949 2461; x_wconf 89' lang='lat' dir='ltr'><strong>oppugnari</strong></span> <span class='ocrx_word' id='word_1_170' title='bbox 971 2393 1063 2442; x_wconf 89' lang='lat' dir='ltr'><strong>castra</strong></span> <span class='ocrx_word' id='word_1_171' title='bbox 1077 2401 1180 2442; x_wconf 92' lang='lat' dir='ltr'><strong>eorum</strong></span> 
     </span>
     <span class='ocr_line' id='line_1_24' title="bbox 192 2482 1181 2561; baseline -0.004 -19"><span class='ocrx_word' id='word_1_172' title='bbox 192 2485 255 2542; x_wconf 90' lang='lat' dir='ltr'><strong>sine</strong></span> <span class='ocrx_word' id='word_1_173' title='bbox 278 2485 463 2542; x_wconf 90' lang='lat' dir='ltr'><strong>dimicatione</strong></span> <span class='ocrx_word' id='word_1_174' title='bbox 482 2485 646 2561; x_wconf 87' lang='lat' dir='ltr'><strong>perniciosa</strong></span> <span class='ocrx_word' id='word_1_175' title='bbox 667 2501 722 2541; x_wconf 86' lang='lat' dir='ltr'><strong>nec</strong></span> <span class='ocrx_word' id='word_1_176' title='bbox 743 2483 841 2541; x_wconf 91' lang='lat' dir='ltr'><strong>locum</strong></span> <span class='ocrx_word' id='word_1_177' title='bbox 858 2483 1065 2540; x_wconf 90' lang='lat' dir='ltr'><strong>munitionibus</strong></span> <span class='ocrx_word' id='word_1_178' title='bbox 1087 2482 1181 2539; x_wconf 87' lang='lat' dir='ltr'><strong>claudi</strong></span> 
     </span>
     <span class='ocr_line' id='line_1_25' title="bbox 191 2579 1180 2657; baseline -0.004 -17"><span class='ocrx_word' id='word_1_179' title='bbox 191 2584 246 2640; x_wconf 92' lang='lat' dir='ltr'><strong>nisi</strong></span> <span class='ocrx_word' id='word_1_180' title='bbox 267 2601 284 2640; x_wconf 89' lang='lat' dir='ltr'><strong>a</strong></span> <span class='ocrx_word' id='word_1_181' title='bbox 304 2583 413 2640; x_wconf 89' lang='lat' dir='ltr'><strong>maiore</strong></span> <span class='ocrx_word' id='word_1_182' title='bbox 434 2582 560 2640; x_wconf 87' lang='lat' dir='ltr'><strong>exercitu</strong></span> <span class='ocrx_word' id='word_1_183' title='bbox 580 2599 677 2657; x_wconf 87' lang='lat' dir='ltr'><strong>posse,</strong></span> <span class='ocrx_word' id='word_1_184' title='bbox 698 2581 805 2638; x_wconf 89' lang='lat' dir='ltr'><strong>litteras</strong></span> <span class='ocrx_word' id='word_1_185' title='bbox 826 2581 864 2638; x_wconf 90' lang='lat' dir='ltr'><strong>ad</strong></span> <span class='ocrx_word' id='word_1_186' title='bbox 886 2580 1066 2638; x_wconf 90' lang='lat' dir='ltr'><strong>Trebonium</strong></span> <span class='ocrx_word' id='word_1_187' title='bbox 1086 2579 1180 2650; x_wconf 89' lang='lat' dir='ltr'><strong>mittit,</strong></span> 
     </span>
     <span class='ocr_line' id='line_1_26' title="bbox 148 2676 1180 2757; baseline -0.009 -14"><span class='ocrx_word' id='word_1_188' title='bbox 148 2707 177 2757; x_wconf 84' lang='lat'><strong>25</strong></span> <span class='ocrx_word' id='word_1_189' title='bbox 191 2691 223 2738; x_wconf 95' lang='lat' dir='ltr'><strong>ut</strong></span> <span class='ocrx_word' id='word_1_190' title='bbox 237 2699 324 2756; x_wconf 89' lang='lat' dir='ltr'><strong>quam</strong></span> <span class='ocrx_word' id='word_1_191' title='bbox 339 2680 485 2738; x_wconf 89' lang='lat' dir='ltr'><strong>celerrime</strong></span> <span class='ocrx_word' id='word_1_192' title='bbox 499 2688 601 2755; x_wconf 90' lang='lat' dir='ltr'><strong>posset</strong></span> <span class='ocrx_word' id='word_1_193' title='bbox 614 2679 759 2754; x_wconf 88' lang='lat' dir='ltr'><strong>legionem</strong></span> <span class='ocrx_word' id='word_1_194' title='bbox 774 2695 843 2748; x_wconf 86' lang='lat' dir='ltr'><strong>xm,</strong></span> <span class='ocrx_word' id='word_1_195' title='bbox 859 2695 932 2754; x_wconf 90' lang='lat' dir='ltr'><strong>quae</strong></span> <span class='ocrx_word' id='word_1_196' title='bbox 948 2695 1014 2736; x_wconf 90' lang='lat' dir='ltr'><strong>cum</strong></span> <span class='ocrx_word' id='word_1_197' title='bbox 1030 2677 1067 2734; x_wconf 91' lang='lat' dir='ltr'><strong>T.</strong></span> <span class='ocrx_word' id='word_1_198' title='bbox 1081 2676 1180 2734; x_wconf 89' lang='lat' dir='ltr'><strong>Sextio</strong></span> 
     </span>
     <span class='ocr_line' id='line_1_27' title="bbox 190 2755 1180 2853; baseline -0.005 -17"><span class='ocrx_word' id='word_1_199' title='bbox 190 2779 286 2853; x_wconf 90' lang='lat' dir='ltr'><strong>legato</strong></span> <span class='ocrx_word' id='word_1_200' title='bbox 314 2778 343 2834; x_wconf 89' lang='lat' dir='ltr'><strong>in</strong></span> <span class='ocrx_word' id='word_1_201' title='bbox 371 2777 546 2852; x_wconf 84' lang='lat' dir='ltr'><strong>Biturigibus</strong></span> <span class='ocrx_word' id='word_1_202' title='bbox 571 2777 725 2846; x_wconf 88' lang='lat' dir='ltr'><strong>hiemabat,</strong></span> <span class='ocrx_word' id='word_1_203' title='bbox 754 2785 912 2834; x_wconf 90' lang='lat' dir='ltr'><strong>arcesseret</strong></span> <span class='ocrx_word' id='word_1_204' title='bbox 938 2755 1025 2851; x_wconf 67' lang='lat' dir='ltr'><strong>a’tque</strong></span> <span class='ocrx_word' id='word_1_205' title='bbox 1049 2775 1089 2833; x_wconf 89' lang='lat' dir='ltr'><strong>ita</strong></span> <span class='ocrx_word' id='word_1_206' title='bbox 1113 2793 1180 2832; x_wconf 90' lang='lat' dir='ltr'><strong>cum</strong></span> 
     </span>
     <span class='ocr_line' id='line_1_28' title="bbox 190 2873 1180 2952; baseline -0.006 -16"><span class='ocrx_word' id='word_1_207' title='bbox 190 2877 280 2936; x_wconf 85' lang='lat' dir='ltr'><strong>uibus</strong></span> <span class='ocrx_word' id='word_1_208' title='bbox 314 2875 478 2952; x_wconf 87' lang='lat' dir='ltr'><strong>legionibus</strong></span> <span class='ocrx_word' id='word_1_209' title='bbox 506 2875 620 2949; x_wconf 91' lang='lat' dir='ltr'><strong>magnis</strong></span> <span class='ocrx_word' id='word_1_210' title='bbox 647 2875 797 2932; x_wconf 90' lang='lat' dir='ltr'><strong>itineribus</strong></span> <span class='ocrx_word' id='word_1_211' title='bbox 825 2873 863 2930; x_wconf 90' lang='lat' dir='ltr'><strong>ad</strong></span> <span class='ocrx_word' id='word_1_212' title='bbox 898 2892 929 2932; x_wconf 90' lang='lat' dir='ltr'><strong>se</strong></span> <span class='ocrx_word' id='word_1_213' title='bbox 956 2874 1083 2945; x_wconf 86' lang='lat' dir='ltr'><strong>veniret;</strong></span> <span class='ocrx_word' id='word_1_214' title='bbox 1117 2873 1180 2948; x_wconf 89' lang='lat' dir='ltr'><strong>ipse</strong></span> 
     </span>
     <span class='ocr_line' id='line_1_29' title="bbox 192 2971 1180 3050; baseline -0.003 -19"><span class='ocrx_word' id='word_1_215' title='bbox 192 2975 301 3050; x_wconf 89' lang='lat' dir='ltr'><strong>equites</strong></span> <span class='ocrx_word' id='word_1_216' title='bbox 329 2973 359 3030; x_wconf 86' lang='lat' dir='ltr'><strong>in</strong></span> <span class='ocrx_word' id='word_1_217' title='bbox 384 2973 476 3030; x_wconf 89' lang='lat' dir='ltr'><strong>vicem</strong></span> <span class='ocrx_word' id='word_1_218' title='bbox 503 2971 663 3029; x_wconf 88' lang='lat' dir='ltr'><strong>Remorum</strong></span> <span class='ocrx_word' id='word_1_219' title='bbox 692 2990 726 3029; x_wconf 89' lang='lat' dir='ltr'><strong>ac</strong></span> <span class='ocrx_word' id='word_1_220' title='bbox 754 2971 921 3045; x_wconf 91' lang='lat' dir='ltr'><strong>Lingonum</strong></span> <span class='ocrx_word' id='word_1_221' title='bbox 948 2971 1180 3046; x_wconf 88' lang='lat' dir='ltr'><strong>reliquarumque</strong></span> 
     </span>
     <span class='ocr_line' id='line_1_30' title="bbox 191 3068 1180 3146; baseline -0.004 -17"><span class='ocrx_word' id='word_1_222' title='bbox 191 3071 345 3141; x_wconf 88' lang='lat' dir='ltr'><strong>civitatum,</strong></span> <span class='ocrx_word' id='word_1_223' title='bbox 365 3087 490 3146; x_wconf 91' lang='lat' dir='ltr'><strong>quorum</strong></span> <span class='ocrx_word' id='word_1_224' title='bbox 509 3087 649 3144; x_wconf 89' lang='lat' dir='ltr'><strong>magnum</strong></span> <span class='ocrx_word' id='word_1_225' title='bbox 668 3085 821 3126; x_wconf 90' lang='lat' dir='ltr'><strong>numerum</strong></span> <span class='ocrx_word' id='word_1_226' title='bbox 841 3077 1015 3138; x_wconf 88' lang='lat' dir='ltr'><strong>evocaverat,</strong></span> <span class='ocrx_word' id='word_1_227' title='bbox 1035 3068 1180 3142; x_wconf 89' lang='lat' dir='ltr'><strong>praesidio</strong></span> 
     </span>
     <span class='ocr_line' id='line_1_31' title="bbox 147 3165 1180 3244; baseline 0.001 -23"><span class='ocrx_word' id='word_1_228' title='bbox 147 3186 178 3234; x_wconf 80' lang='lat'><strong>30</strong></span> <span class='ocrx_word' id='word_1_229' title='bbox 191 3168 421 3244; x_wconf 88' lang='lat' dir='ltr'><strong>pabulationibus</strong></span> <span class='ocrx_word' id='word_1_230' title='bbox 435 3166 528 3235; x_wconf 90' lang='lat' dir='ltr'><strong>mittit,</strong></span> <span class='ocrx_word' id='word_1_231' title='bbox 544 3166 593 3240; x_wconf 94' lang='lat' dir='ltr'><strong>qui</strong></span> <span class='ocrx_word' id='word_1_232' title='bbox 608 3166 715 3223; x_wconf 92' lang='lat' dir='ltr'><strong>subitas</strong></span> <span class='ocrx_word' id='word_1_233' title='bbox 734 3165 860 3222; x_wconf 89' lang='lat' dir='ltr'><strong>hostiurn</strong></span> <span class='ocrx_word' id='word_1_234' title='bbox 878 3166 1056 3224; x_wconf 90' lang='lat' dir='ltr'><strong>incursiones</strong></span> <span class='ocrx_word' id='word_1_235' title='bbox 1076 3166 1180 3224; x_wconf 92' lang='lat' dir='ltr'><strong>sustin·</strong></span> 
     </span>
     <span class='ocr_line' id='line_1_32' title="bbox 190 3261 1180 3334; baseline -0.003 -10"><span class='ocrx_word' id='word_1_236' title='bbox 190 3276 279 3324; x_wconf 91' lang='lat' dir='ltr'><strong>erent.</strong></span> <span class='ocrx_word' id='word_1_237' title='bbox 329 3271 376 3322; x_wconf 83' lang='lat'><strong>12.</strong></span> <span class='ocrx_word' id='word_1_238' title='bbox 398 3262 488 3334; x_wconf 88' lang='lat' dir='ltr'><strong>Quod</strong></span> <span class='ocrx_word' id='word_1_239' title='bbox 510 3281 578 3320; x_wconf 93' lang='lat' dir='ltr'><strong>cum</strong></span> <span class='ocrx_word' id='word_1_240' title='bbox 598 3263 704 3320; x_wconf 93' lang='lat' dir='ltr'><strong>cotidie</strong></span> <span class='ocrx_word' id='word_1_241' title='bbox 726 3261 813 3330; x_wconf 90' lang='lat' dir='ltr'><strong>fieret,</strong></span> <span class='ocrx_word' id='word_1_242' title='bbox 836 3277 870 3319; x_wconf 88' lang='lat' dir='ltr'><strong>ac</strong></span> <span class='ocrx_word' id='word_1_243' title='bbox 891 3263 949 3320; x_wconf 92' lang='lat' dir='ltr'><strong>iam</strong></span> <span class='ocrx_word' id='word_1_244' title='bbox 970 3263 1180 3321; x_wconf 89' lang='lat' dir='ltr'><strong>consuetudine</strong></span> 
     </span>
     <span class='ocr_line' id='line_1_33' title="bbox 191 3358 1180 3436; baseline 0.002 -18"><span class='ocrx_word' id='word_1_245' title='bbox 191 3361 337 3436; x_wconf 91' lang='lat' dir='ltr'><strong>diligentia</strong></span> <span class='ocrx_word' id='word_1_246' title='bbox 360 3360 543 3428; x_wconf 88' lang='lat' dir='ltr'><strong>minueretur,</strong></span> <span class='ocrx_word' id='word_1_247' title='bbox 566 3358 646 3434; x_wconf 91' lang='lat' dir='ltr'><strong>quod</strong></span> <span class='ocrx_word' id='word_1_248' title='bbox 666 3359 836 3435; x_wconf 90' lang='lat' dir='ltr'><strong>plerumque</strong></span> <span class='ocrx_word' id='word_1_249' title='bbox 860 3360 963 3418; x_wconf 89' lang='lat' dir='ltr'><strong>accidit</strong></span> <span class='ocrx_word' id='word_1_250' title='bbox 989 3360 1180 3430; x_wconf 64' lang='lat' dir='ltr'><strong>diuturnitate,</strong></span> 
     </span>
     <span class='ocr_line' id='line_1_34' title="bbox 191 3455 1181 3534; baseline -0.001 -18"><span class='ocrx_word' id='word_1_251' title='bbox 191 3457 335 3516; x_wconf 85' lang='lat' dir='ltr'><strong>Bellovaci</strong></span> <span class='ocrx_word' id='word_1_252' title='bbox 360 3457 471 3515; x_wconf 89' lang='lat' dir='ltr'><strong>delecta</strong></span> <span class='ocrx_word' id='word_1_253' title='bbox 495 3473 583 3513; x_wconf 89' lang='lat' dir='ltr'><strong>manu</strong></span> <span class='ocrx_word' id='word_1_254' title='bbox 607 3455 737 3532; x_wconf 82' lang='lat' dir='ltr'><strong>pediturn</strong></span> <span class='ocrx_word' id='word_1_255' title='bbox 765 3458 888 3534; x_wconf 91' lang='lat' dir='ltr'><strong>cognitis</strong></span> <span class='ocrx_word' id='word_1_256' title='bbox 914 3457 1084 3516; x_wconf 89' lang='lat' dir='ltr'><strong>stationibus</strong></span> <span class='ocrx_word' id='word_1_257' title='bbox 1109 3457 1181 3516; x_wconf 90' lang='lat' dir='ltr'><strong>coti-</strong></span> 
     </span>
    </p>
   </div>
   <div class='ocr_carea' id='block_1_3' title="bbox 0 0 1330 3928">
    <p class='ocr_par' dir='ltr' id='par_1_3' title="bbox 0 0 1330 3928">
     <span class='ocr_line' id='line_1_35' title="bbox 0 0 1330 3928; baseline 0 0"><span class='ocrx_word' id='word_1_258' title='bbox 0 0 1330 3928; x_wconf 95' lang='lat' dir='ltr'><strong> </strong></span> 
     </span>
    </p>
   </div>
  </div>
 </body>
</html>
