2634 3914
138 199 273 266 18—22.
383 215 560 266 ursario
586 213 736 262 erarico
759 212 867 262 coum
895 213 926 261 ν.
1085 215 1125 281 93

134 389 202 429 cum
221 371 349 447 periculo
368 381 534 430 nostrorum
556 372 684 448 equitum
704 389 771 428 cum
792 369 825 428 iis
845 367 1021 444 confligebat
1039 375 1126 443 atque

133 467 191 528 hoc
205 478 284 527 metu
298 469 382 528 latius
399 470 496 545 vagari
514 469 694 546 prohibebat.
737 467 972 543 Relinquebatur,
986 475 1017 523 ut
1031 483 1127 540 neque

132 565 249 642 longius
273 567 310 626 ab
334 567 450 642 agmine
477 567 627 643 legionum
652 566 762 624 discedi
786 563 895 624 Caesar
921 573 1072 640 pateretur,
1098 573 1127 621 et

133 673 246 723 tantum
274 664 304 722 in
329 665 405 740 agris
432 665 579 723 vastandis
607 664 805 740 incendiisque
829 661 967 720 faciendis
994 661 1127 718 hostibus

134 771 294 832 noceretur,
310 772 450 838 quantum
470 763 568 822 labore
587 771 673 838 atque
689 762 788 820 itinere
803 760 952 836 legionarii
966 759 1069 817 milites
1085 758 1125 816 ef·
1141 781 1154 832 5

133 858 219 917 ficere
233 869 374 935 poterant.
416 867 469 922 20.
491 861 611 920 Interim
632 859 837 930 Trinobantes
852 877 944 935 prope
963 857 1127 915 firmissima

133 974 234 1014 earum
255 958 410 1032 regionum
436 959 543 1030 civitas,
566 977 603 1016 ex
626 977 683 1034 qua
707 957 935 1015 Mandubracius
957 955 1127 1014 adulescens

135 1051 267 1113 Caesaris
295 1054 383 1114 fidem
411 1065 526 1116 secutus
554 1055 591 1114 ad
618 1074 686 1114 eum
716 1056 748 1112 in
776 1055 973 1112 continentem
1002 1051 1127 1111 Galliam

132 1160 258 1222 venerat,
279 1153 360 1210 cuius
382 1163 463 1228 pater
483 1153 514 1210 in
533 1171 567 1211 ea
586 1153 698 1210 civitate
717 1169 840 1228 regnum
858 1151 1022 1209 obtinuerat
1042 1151 1128 1207 inter-

132 1246 282 1324 fectusque
303 1258 363 1308 erat
384 1269 402 1308 a
423 1249 647 1320 Cassiuellauno,
667 1250 729 1326 ipse
750 1249 820 1324 fuga
840 1258 964 1306 mortem
984 1249 1127 1318 vitaverat,
1143 1272 1173 1306 10

132 1345 244 1420 legatos
269 1347 307 1404 ad
332 1345 488 1406 Caesarem
512 1349 629 1406 mittunt
651 1347 880 1424 pollicenturque
904 1364 968 1405 sese
993 1345 1020 1404 ei
1048 1345 1127 1403 dedi-

135 1454 215 1504 turos
242 1453 329 1521 atque
356 1445 497 1520 imperata
520 1445 664 1518 facturos;
693 1454 803 1520 petunt,
827 1453 859 1502 ut
886 1443 1128 1501 Mandubracium

133 1541 170 1599 ab
190 1541 292 1600 iniuria
313 1541 521 1602 Cassivellauni
543 1543 679 1602 defendat
701 1551 787 1618 atque
809 1542 839 1598 in
860 1541 1003 1600 civitatem
1024 1541 1126 1611 mittat,

133 1639 182 1714 qui
217 1640 324 1715 praesit
357 1640 568 1718 imperiumque
600 1641 735 1698 obtineat.
778 1639 835 1698 His
867 1639 975 1698 Caesar
1005 1639 1127 1716 imperat

133 1736 250 1796 obsides
285 1737 477 1813 quadraginta
510 1737 743 1814 frumentumque
778 1737 914 1796 exercitui
949 1737 1127 1795 Mandubra-
1143 1757 1171 1807 15

133 1835 267 1910 ciumque
298 1833 336 1894 ad
367 1853 420 1893 eos
451 1835 544 1894 mittit.
587 1836 632 1894 illi
662 1837 803 1912 imperata
831 1835 959 1893 celeriter
990 1835 1126 1906 fecerunt,

132 1933 250 1994 obsides
273 1934 489 1992 adnumerum
510 1935 743 2012 frumentumque
763 1935 911 1993 miserunt.
954 1940 999 1995 21.
1019 1933 1127 1992 Trino-

131 2032 266 2090 bantibus
288 2032 415 2092 defensis
436 2042 523 2109 atque
544 2035 581 2092 ab
601 2035 682 2091 omni
702 2034 825 2091 rnilitum
850 2034 952 2091 iniuria
976 2033 1127 2110 prohibitis

133 2129 314 2206 Cenimagni,
331 2129 504 2206 Segontiaci,
522 2131 677 2202 Ancalites,
692 2131 817 2202 Bibroci,
833 2129 918 2189 Cassi
934 2131 1126 2207 legationibus

132 2227 227 2286 missis
255 2245 319 2286 sese
344 2226 462 2288 Caesari
486 2228 604 2288 dedunt.
647 2229 695 2286 Ab
716 2227 761 2286 his
782 2227 934 2304 cognoscit
955 2245 1017 2286 non
1038 2227 1126 2304 longe
1142 2253 1173 2286 20

133 2343 170 2384 ex
190 2343 226 2384 eo
251 2325 317 2384 loco
338 2327 479 2402 oppidum
501 2327 708 2387 Cassivellauni
732 2327 833 2386 abesse
859 2327 935 2386 silvis
960 2327 1126 2404 paludibus·

132 2440 190 2498 que
223 2423 374 2494 munitum,
411 2442 470 2500 quo
506 2425 575 2484 satis
608 2444 733 2501 magnus
767 2425 920 2483 hominum
955 2426 1127 2502 pecorisque

132 2537 270 2580 numerus
306 2522 482 2580 convenerit.
524 2521 675 2600 Oppidum
709 2532 807 2582 autem
842 2521 973 2582 Britanni
1013 2533 1126 2594 vocant,

133 2635 200 2676 erun
233 2617 316 2676 silvas
348 2619 501 2694 impeditas
532 2620 606 2679 vallo
641 2631 727 2697 atque
756 2621 837 2680 fossa
866 2622 1038 2694 munierunt,
1067 2639 1127 2697 quo

132 2717 305 2776 incursionis
332 2717 459 2776 hostium
486 2719 621 2778 vitandae
649 2739 736 2779 causa
763 2721 918 2780 convenire
942 2730 1125 2780 consuerunt.
1142 2745 1171 2796 ²5

132 2815 178 2876 Eo
209 2815 400 2891 proficiscitur
429 2834 499 2874 cum
529 2817 708 2892 legionibus:
743 2819 841 2877 locum
875 2820 980 2894 reperit
1010 2820 1127 2895 egregie

132 2922 235 2972 natura
255 2922 342 2987 atque
361 2931 449 2988 opere
470 2915 630 2984 munitum
650 2925 750 2974 tamen
770 2915 849 2986 hunc
870 2916 983 2974 duabus
1004 2933 1041 2974 ex
1062 2935 1127 2991 par·

131 3010 208 3070 tibus
222 3027 393 3086 oppugnare
407 3012 564 3074 contendit.
607 3012 718 3071 Hostes
731 3013 876 3089 paulisper
889 3013 992 3072 morati
1005 3012 1127 3070 militum

131 3117 298 3172 nostrorum
328 3107 469 3184 impetum
499 3127 561 3168 non
592 3110 718 3168 tulenmt
749 3129 871 3188 seseque
899 3111 954 3169 alia
981 3129 1017 3168 ex
1045 3120 1126 3186 parte

131 3205 233 3282 oppidi
260 3205 414 3266 eiecerunt.
456 3205 584 3282 Magnus
614 3208 654 3265 ibi
685 3226 824 3267 numerus
854 3208 970 3284 pecoris
996 3218 1126 3285 repertus
1140 3238 1172 3287 30

130 3303 270 3378 multique
284 3303 314 3359 in
323 3303 392 3378 fuga
407 3313 473 3361 sunt
484 3305 686 3382 comprehensi
695 3316 780 3383 atque
789 3306 938 3389 interfecti.
974 3312 1024 3364 22.
1046 3306 1126 3366 Dum

130 3400 204 3460 haec
218 3401 248 3458 in
262 3399 307 3458 his
323 3399 395 3460 locis
413 3413 560 3478 genmtur,
575 3402 809 3462 Cassivellaunus
826 3405 864 3463 ad
884 3403 1028 3476 Cantium,
1047 3405 1126 3482 quod

130 3516 194 3562 esse
222 3497 261 3560 ad
291 3514 372 3558 mare
403 3516 492 3579 supra
524 3501 791 3573 demonstravimus,
817 3503 926 3582 quibus
959 3503 1125 3579 regionibus
