2652 3928
165 171 265 252 76-7
271 184 302 251 7.
388 183 434 228 na
455 180 565 228 narro
588 179 739 228 narsico
760 179 869 227 corin.
895 178 956 228 rrr.
1090 179 1152 250 175

162 335 230 404 lant,
251 349 345 408 neque
363 330 421 390 bos
440 329 594 392 habendos
614 331 719 388 civium
737 330 805 389 loco
826 348 921 406 neque
942 327 980 388 ad
996 327 1152 388 eonsilium

162 429 342 488 adhibendos
362 446 477 486 censeo.
520 427 596 487 Cum
615 428 661 486 iris
682 427 752 484 mihi
770 445 818 486 res
839 429 884 498 sit,
903 427 953 501 qui
972 427 1152 501 emptionem

162 529 303 603 probant3
335 543 459 600 quorum
488 526 518 582 in
545 525 665 583 consilio
693 526 825 582 omnium
852 534 978 583 vestrum
1005 541 1152 582 consensu

162 626 298 700 pristinae
317 623 443 681 residere
463 623 573 680 virtutis
594 624 735 681 memoria
755 623 873 681 videtur.
915 623 1014 680 Animi
1034 631 1078 681 est
1097 622 1152 679 ista

162 722 289 792 mollitia,
317 739 377 779 non
408 722 504 792 virtus,
530 720 677 796 ,paulisper
707 722 836 798 inopiam
863 721 937 779 ferre
964 739 1025 779 non
1055 737 1177 796 posse5

163 817 222 890 Qui
244 837 276 876 se
297 818 372 877 ultro
393 819 480 876 morti
503 817 636 890 offerant,
658 818 769 877 facilius
790 821 978 895 reperiuntur,
995 836 1083 894 quam
1102 819 1151 893 qui

163 916 293 974 dolorem
328 916 468 990 patienter
501 914 603 974 ferant.
645 915 743 990 Atque
778 934 835 992 ego
869 917 945 975 hanc
980 915 1151 974 sententiam

162 1014 316 1088 probarem
345 1015 470 1086 (tantum
501 1013 579 1088 apud
607 1031 655 1071 me
686 1014 810 1088 dignitas
841 1018 960 1089 potest),
987 1014 1013 1072 si
1044 1013 1151 1072 nullam

162 1121 361 1188 praeterquam
385 1111 458 1170 vitae
483 1121 599 1169 nostrae
621 1111 760 1169 iacturam
784 1111 845 1169 fieri
869 1111 1012 1169 viderem:
1042 1111 1093 1170 sed
1120 1111 1151 1168 in

162 1209 282 1268 consilio
310 1209 452 1284 capiendo
481 1227 600 1266 omnem
625 1207 749 1266 Galliam
775 1209 972 1285 respiciamus,
998 1225 1086 1284 quam
1112 1210 1150 1268 ad
1165 1230 1195 1266 ιο
1219 1239 1222 1247 ·

161 1318 293 1365 nostrum
320 1307 456 1365 auxilium
484 1307 698 1365 concitavimus.
742 1306 822 1377 Quid
853 1307 1005 1364 hominum
1036 1307 1150 1364 milibus

161 1421 236 1463 nxxx
271 1423 330 1464 uno
363 1405 434 1462 loco
472 1403 627 1462 intersectis
662 1405 836 1480 ¹propinquis
870 1405 1150 1480 consanguineisque

161 1503 266 1560 nostris
285 1503 373 1560 animi
392 1501 454 1560 fore
471 1501 647 1571 existimatis,
666 1503 690 1560 si
709 1520 803 1578 paene
824 1503 855 1560 in
877 1502 947 1578 ipsis
965 1501 1149 1559 cadaveribus

161 1599 271 1674 proelio
307 1600 452 1658 decertare
487 1601 648 1674 cogentur?
689 1598 787 1657 Nolite
822 1598 876 1657 hos
913 1608 1009 1657 vestro
1043 1598 1149 1657 auxilio

161 1697 330 1771 exspoliare,
369 1699 419 1774 qui
456 1708 567 1756 vestrae
605 1696 704 1755 salutis
743 1715 830 1755 causa
868 1715 953 1754 suum
989 1695 1193 1773 periculum15

161 1795 357 1870 neglexerunt,
386 1814 441 1854 nec
472 1795 588 1854 stultitia
616 1813 651 1852 ac
678 1796 835 1854 temeritate
865 1804 958 1852 vestra
985 1804 1034 1852 aut
1061 1795 1149 1852 animi

161 1893 352 1951 imbecillitate
387 1911 507 1951 omnem
545 1892 670 1952 Galliam
708 1902 891 1968 prosternere
927 1901 957 1950 et
993 1903 1149 1968 perpetuae

161 1991 286 2048 servituti
313 1991 453 2050 subicere.
495 1991 551 2062 An,
577 1991 658 2066 quod
686 1990 723 2048 ad
751 1991 828 2048 diem
852 2007 913 2047 non
941 1999 1087 2059 venerrmt,
1112 1989 1149 2048 de

160 2105 262 2146 eorum
280 2089 337 2148 fide
356 2090 576 2165 constantiaque
597 2087 755 2146 dubitatis?
781 2086 861 2157 Quid
880 2087 971 2162 ergo?
996 2085 1148 2144 Romanos

160 2186 191 2243 in
224 2187 278 2246 illis
312 2187 492 2248 ulterioribus
527 2186 734 2245 munitionibus
768 2186 895 2243 animine
926 2203 1013 2244 causa
1043 2187 1148 2245 cotidie
1163 2205 1194 2238 20

160 2285 286 2344 exerceri
308 2288 433 2362 putatis?
456 2287 485 2346 Si
510 2287 622 2345 illomm
641 2285 747 2342 nuntiis
767 2283 930 2342 confirmari
948 2301 1010 2341 non
1028 2287 1148 2359 potestis

160 2385 241 2442 omni
268 2386 346 2444 aditu
372 2396 537 2462 praesepto,
561 2385 606 2443 his
633 2383 745 2442 utimini
770 2383 889 2442 testibus
916 2383 1147 2459 appropinquare

159 2500 260 2540 eorum
274 2483 429 2540 adventum
437 2501 446 2554 ;
468 2483 548 2540 cuius
567 2481 608 2539 rei
621 2482 724 2538 timore
739 2480 864 2538 exterriti
884 2480 960 2538 diem
974 2491 1148 2556 noctemque

158 2580 190 2636 in
214 2597 302 2654 opere
326 2589 481 2638 versantur.
525 2579 611 2650 Quid¹
628 2596 697 2654 ergo
722 2579 780 2636 mei
804 2579 914 2637 consilii
939 2579 1000 2637 est?
1032 2579 1146 2651 Facere,

158 2677 238 2753 quod
269 2679 359 2737 nostri
390 2677 514 2736 maiores
545 2695 729 2753 nequaquam
762 2677 824 2752 pari
854 2677 930 2735 bello
962 2677 1146 2737 Cimbrorum
1162 2695 1190 2743 25

158 2775 384 2852 Teutomunque
408 2776 552 2848 fecerunt;
581 2777 631 2851 qui
655 2776 686 2832 in
710 2775 819 2850 oppida
843 2775 985 2850 compulsi
1005 2795 1039 2834 ac
1063 2777 1146 2834 simili

153 2875 257 2950 inopia
287 2872 399 2934 subacti
429 2893 532 2933 eorum
561 2874 738 2950 corporibus
767 2873 817 2948 qui
847 2882 939 2931 aetate
967 2873 1004 2931 ad
1039 2874 1146 2931 bellum

156 2971 268 3031 inutiles
296 2973 473 3043 videbantur,
497 2972 586 3030 vitam
613 2971 804 3030 toleraverunt
832 2989 927 3048 neque
955 2989 987 3029 se
1014 2971 1146 3030 hostibus

156 3072 342 3130 tradiderunt.
384 3070 473 3130 Cuius
491 3071 532 3128 rei
552 3071 576 3128 si
595 3071 760 3146 exemplum
774 3087 835 3127 non
853 3069 1033 3140 haberemus
1048 3079 1145 3128 tamen

155 3169 291 3229 libertatis
323 3188 410 3228 causa
443 3169 550 3228 institui
584 3178 612 3226 et
646 3169 768 3243 posteris
803 3168 887 3244 prodi
921 3167 1145 3242 pulcherrimum
1159 3183 1191 3230 30

154 3267 320 3326 iudicarem.
363 3266 441 3327 Nam
469 3267 539 3342 quid
567 3267 605 3324 illi
633 3267 725 3324 simile
752 3265 828 3324 bello
853 3265 925 3324 fuit?
960 3263 1145 3341 Depopulata

156 3363 249 3422 Gallia
274 3363 384 3422 Cimbri
412 3381 577 3439 magnaque
604 3363 681 3421 illata
708 3363 869 3421 calamitate
893 3362 999 3421 finibus
1027 3363 1145 3437 quidem

154 3463 258 3522 nostris
282 3462 437 3538 aliquando
462 3471 647 3521 excesserunt
671 3470 758 3538 atque
781 3460 850 3519 alias
871 3469 960 3520 terras
985 3460 1142 3536 petierunt;
