2652 3928
188 191 249 238 200
594 183 631 235 A.
653 185 778 234 amru
1103 191 1177 238 rur.
1301 217 1302 246 1

177 350 280 399 ¹castra
311 335 608 411 distribuitalteram
640 354 739 396 secum
771 335 936 412 expeditam
971 335 1057 396 ducit
1101 337 1178 396 Cum

185 437 305 512 propius
332 435 430 495 hostes
458 436 634 506 accessisset,
663 436 701 493 ab
729 436 966 510 exploratoribus,
991 453 1066 512 quos
1093 454 1178 512 prae·

185 533 310 604 miserat,
333 533 485 608 cognoscit
506 541 599 591 castra
623 552 733 604 eorum,
754 541 786 589 ut
809 532 1000 591 barbarorum
1021 532 1081 590 fere
1106 550 1177 590 con·

186 630 308 690 suetudo
336 640 388 701 est,
416 630 520 688 relictis
552 630 624 688 locis
654 629 849 706 superioribus
878 628 916 687 ad
946 629 1023 705 ripas
1050 629 1178 688 fluminis

157 745 249 802 5esse
274 727 409 798 demissa,
430 737 459 786 at
480 727 646 786 Germanos
667 727 836 803 equitesque
859 727 1091 802 imprudentibus
1112 746 1178 786 om-

185 826 270 884 nibus
305 825 341 883 de
376 825 533 900 improviso
569 825 719 883 advolasse
753 824 955 900 proeliumque
987 825 1178 883 commisisse.

187 921 255 992 Qua
276 939 307 980 re
329 923 447 997 cognita
471 922 617 998 legionem
639 931 780 979 armatam
804 922 1030 997 instructamque
1051 922 1177 980 adducit.

185 1021 231 1078 Ita
250 1030 367 1096 repente
387 1020 523 1078 omnibus
542 1037 578 1077 ex
599 1020 729 1096 partibus
750 1021 835 1096 signo
857 1017 926 1076 dato
946 1018 1012 1077 loca
1030 1020 1179 1094 superiora

186 1118 344 1193 capiuntur.
385 1116 476 1189 Quod
504 1117 555 1176 ubi
582 1117 696 1186 accidit,
722 1099 863 1176 Germani
890 1116 1059 1192 equitesque
1086 1116 1178 1190 signis

141 1215 307 1291 relegionis
335 1214 401 1274 visis
428 1215 681 1274 vehementissime
710 1214 896 1291 proeliantur.
939 1213 1103 1274 Confestim
1127 1231 1177 1271 co·

184 1313 282 1372 hortes
303 1312 430 1390 undrque
450 1312 592 1390 impetum
609 1313 718 1371 faciunt
736 1312 931 1386 omnibusque
952 1319 1002 1369 aut
1021 1309 1177 1368 interfectis

185 1421 234 1468 aut
258 1411 349 1486 captis
374 1429 483 1486 magna
507 1411 616 1488 praeda
639 1412 796 1486 potiuntur.
837 1415 887 1469 37.
910 1407 1030 1484 Capitur
1053 1408 1116 1484 ipse
1140 1425 1177 1466 eo

182 1508 295 1585 proelio
319 1507 464 1585 Drappes.
507 1507 647 1566 Caninius
671 1508 834 1566 felicissime
863 1525 894 1564 re
921 1515 1004 1582 gesta
1031 1506 1094 1565 sine
1118 1506 1177 1564 ullo

184 1626 278 1683 paene
300 1608 398 1666 militis
425 1606 543 1666 vulnere
571 1607 609 1665 ad
633 1607 813 1666 obsidendos
838 1607 1003 1686 oppidanos
1029 1609 1177 1666 revertitur

142 1736 170 1784 15
185 1715 366 1781 externoque
383 1705 468 1764 hoste
490 1705 593 1776 delet0,
615 1705 697 1763 cuius
717 1705 821 1762 timore
841 1689 933 1763 antea
947 1704 1073 1764 dividere
1093 1723 1176 1780 prae-

184 1804 257 1861 sidia
284 1813 313 1862 et
339 1804 501 1861 munitione
525 1802 690 1878 oppidanos
715 1802 893 1860 circumdare
921 1802 1083 1878 prohibitus
1106 1812 1175 1871 erat,

182 1919 275 1976 ’opera
287 1901 415 1977 undique
430 1901 552 1976 imperat
571 1899 771 1958 administrari.
812 1899 901 1956 Venit
915 1899 1020 1958 eodem
1034 1916 1101 1956 cum
1116 1900 1176 1956 suis

185 1999 276 2074 copiis
300 2008 418 2074 postero
447 1998 493 2058 die
519 1997 610 2057 Gaius
635 1996 743 2056 Fabius
766 2007 935 2074 partemque
960 1996 1061 2072 oppidi
1088 1995 1176 2054 sumit

184 2097 222 2156 ad
246 2096 449 2156 obsidendum.

141 2229 171 2262 20
224 2203 277 2255 38.
299 2193 408 2254 Caesar
431 2194 546 2254 interim
569 2194 613 2254 M.
638 2195 799 2254 Antonium
824 2204 1008 2272 quaestorem
1034 2211 1101 2253 cum
1125 2212 1176 2252 co-

183 2293 314 2352 hortibus
333 2311 373 2352 xv
393 2294 422 2351 in
441 2293 602 2353 Bellovacis
622 2295 763 2370 relinquit,
783 2313 820 2352 ne
841 2312 898 2370 qua
916 2311 1014 2351 rursus
1033 2309 1176 2351 novorum

184 2392 371 2450 consiliorum
406 2391 613 2468 capiendorum
648 2391 745 2467 Belgis
780 2392 898 2450 facultas
933 2391 1055 2449 daretur.
1107 2389 1176 2466 Ipse

183 2489 306 2564 reliquas
337 2489 465 2547 civitates
496 2489 564 2561 adit,
595 2489 711 2548 obsides
745 2489 843 2564 plures
878 2489 1009 2565 imperat,
1040 2488 1175 2546 timentes

184 2587 316 2645 omniurn
347 2587 461 2646 animos
493 2587 693 2646 consolatione
729 2595 822 2644 sanat.
863 2585 940 2644 Cum
974 2585 1004 2643 in
1032 2584 1175 2643 Carnutes

140 2705 169 2754 25
183 2684 315 2754 venisset,
337 2701 461 2758 quorum
482 2684 512 2742 in
533 2684 645 2743 civitate
667 2685 815 2760 superiore
835 2683 1044 2742 commentario
1066 2681 1176 2742 Caesar

183 2781 317 2858 exposuit
350 2781 461 2839 initium
494 2781 561 2840 belli
592 2799 656 2840 esse
688 2792 792 2852 ortum,
823 2781 904 2857 quod
937 2781 1091 2856 praecipue
1122 2797 1175 2838 eos

183 2888 300 2956 propter
337 2878 546 2938 conscientiam
580 2877 648 2938 facti
688 2880 788 2937 timere
825 2879 1079 2948 animadvertebat,
1114 2896 1174 2954 quo

183 2978 302 3037 celerius
324 2978 466 3037 civitatem
487 2979 590 3036 timore
613 2979 754 3048 liberaret,
776 2976 937 3052 principem
961 2976 1077 3034 sceleris
1100 2976 1175 3034 illius

183 3086 212 3135 et
230 3075 436 3134 concitatorem
455 3076 530 3147 belli,
546 3075 729 3144 Gutruatum,
744 3074 781 3132 ad
801 3073 973 3149 supplicium
993 3073 1173 3149 depoposcit.

138 3195 169 3242 30
184 3173 243 3246 Qui
270 3175 323 3232 etsi
349 3192 388 3232 ne
415 3174 523 3231 civibus
552 3172 669 3247 quidem
697 3172 756 3230 suis
785 3189 816 3229 se
844 3172 1050 3241 committebat,
1074 3180 1174 3229 tamen

183 3272 310 3330 celeriter
346 3272 478 3331 omniurn
513 3289 581 3329 cura
618 3270 763 3345 quaesitus
802 3269 833 3328 in
867 3279 962 3328 castra
997 3269 1174 3345 perducitur.

183 3375 306 3450 Cogitur
332 3375 362 3432 in
390 3375 451 3432 eius
480 3374 651 3448 supplicium
675 3371 783 3432 Caesar
807 3385 908 3433 contra
932 3392 1015 3433 suam
1040 3383 1174 3434 naturam

183 3489 327 3530 concursu
340 3472 468 3529 maximo
483 3471 612 3541 militum,
629 3472 677 3546 qui
691 3473 790 3529 omnia
802 3472 935 3547 pericula
955 3482 983 3530 et
1002 3471 1174 3530 detrimenta

182 3570 249 3627 belli
284 3569 426 3628 Gutruato
461 3577 580 3644 accepta
617 3568 786 3640 referebant,
822 3571 896 3628 adeo
936 3580 968 3629 ut
1007 3572 1174 3631 verberibus
