2606 3934
108 245 200 317 3—5·
339 247 385 293 ma
405 246 514 292 narro
528 244 687 323 ¹<vitraico
710 244 816 308 comm
839 243 880 294 rr.
1054 244 1095 316 35

110 395 187 471 quod
217 395 478 472 propinquitatibus
509 395 748 470 affinitatibusque
776 393 930 464 coniuncti,
959 403 1096 469 quantam

110 494 227 568 quisque
245 493 458 552 multitudinem
477 493 507 550 in
526 494 674 552 communi
695 493 849 568 Belgarum
868 492 991 550 concilio
1008 492 1046 549 ad
1066 491 1096 549 id

109 589 213 648 bellum
247 592 389 667 pollicitus
424 592 468 662 sit,
504 592 699 665 cognoverint.
741 591 899 648 Plurimum
936 590 1009 648 inter
1044 607 1095 648 eos

110 687 276 748 Bellovacos
304 698 333 748 et
360 690 460 747 virtute
488 698 517 747 et
544 690 710 748 auctoritate
737 698 766 746 et
794 689 945 746 hominum
973 704 1095 745 numero

108 786 214 844 valere:
235 786 290 845 hos
308 804 394 863 posse
412 787 555 846 conficere
574 796 683 844 armata
699 787 776 844 milia
794 796 930 857 centum;
952 785 1093 862 pollicitos
1109 805 1122 854 5

108 903 142 942 ex
162 903 198 944 eo
220 903 343 944 numero
368 886 458 944 electa
483 886 640 961 sexaginta,
661 887 749 944 totius
773 884 840 943 belli
864 884 1017 960 imperium
1041 883 1095 940 sibi

107 983 258 1059 postulare.
302 983 473 1043 Suessiones
496 1002 564 1042 suos
584 1003 649 1042 esse
670 985 825 1054 finitimos;
848 983 920 1041 fines
941 983 1094 1040 latissimos

106 1080 354 1158 feracissimosque
375 1101 461 1158 agros
485 1082 644 1158 possidere.
687 1081 776 1157 Apud
804 1099 855 1139 eos
880 1081 967 1138 fuisse
996 1097 1094 1155 regem

106 1190 202 1238 nostra
220 1181 306 1239 etiam
328 1181 467 1239 memoria
488 1180 670 1251 Divitiacum,
690 1181 776 1238 totius
798 1179 908 1238 Galliae
930 1180 1094 1256 potentissi-

105 1296 194 1348 mum,
214 1279 263 1354 qui
281 1297 348 1337 cum
368 1297 492 1354 magnae
513 1280 601 1354 partis
622 1279 724 1336 harum
744 1279 906 1353 regionum,
927 1286 988 1334 tum
1009 1277 1094 1334 etiam
1110 1295 1139 1330 10

106 1374 269 1435 Britanniae
287 1377 440 1452 imperium
459 1376 630 1434 obtinuerit:
652 1394 731 1434 nunc
750 1394 813 1434 esse
835 1393 933 1450 regem
954 1373 1093 1433 Galbam:

105 1473 241 1532 adhunc
268 1484 386 1550 propter
413 1473 547 1532 iustitiam
574 1474 813 1550 prudentiamque
839 1491 983 1532 summam
1008 1474 1094 1532 totius

105 1572 172 1628 belli
191 1571 322 1630 omnium
341 1571 486 1630 voluntate
505 1571 622 1643 deferri3
645 1572 754 1648 oppida
771 1572 880 1630 habere
897 1589 1021 1629 numero
1038 1588 1093 1640 xrr,

105 1669 232 1744 polliceri
256 1670 333 1727 milia
357 1679 466 1728 armata
490 1670 699 1746 quinquaginta
706 1689 715 1743 ς
743 1670 864 1728 totidem
889 1669 1019 1740 Nervios,
1044 1669 1094 1744 qui

104 1769 229 1826 maxime
256 1767 308 1826 feri
335 1769 408 1826 inter
435 1769 515 1844 ipsos
542 1768 702 1826 habeantur
729 1767 955 1843 longissimeque
983 1767 1138 1838 absint;15

104 1864 269 1940 quindecim
288 1866 366 1924 milia
379 1865 541 1936 Atrebates,
557 1866 718 1924 Ambianos
738 1865 838 1924 decem
859 1865 944 1936 milia,
960 1865 1094 1924 Morinos

104 1981 161 2020 xxv
182 1963 268 2033 milia,
291 1963 445 2039 Menapios
463 1981 508 2020 vn
527 1965 613 2034 milia,
634 1963 750 2022 Caletos
769 1983 788 2021 x
807 1963 893 2034 milia,
912 1961 1095 2022 Veliocasses

104 2071 133 2120 et
147 2060 365 2118 Viromanduos
382 2061 512 2132 totidem,
527 2060 696 2120 Aduatucos
716 2061 818 2120 decem
833 2071 861 2118 et
874 2078 981 2118 novem
995 2062 1072 2118 milia
1084 2081 1093 2133 ;

104 2158 284 2229 Condrusos‚
297 2157 458 2230 Eburones,
471 2157 641 2230 Caeroesos,
652 2159 824 2229 Paemanos,
838 2157 888 2234 qui
901 2175 961 2215 uno
975 2159 1095 2218 nomine

104 2257 245 2315 Germani
258 2255 447 2331 appellantur,
462 2256 590 2314 arbitrari
604 2272 644 2312 xn
659 2256 697 2314 ad
711 2255 797 2314 milia.
1108 2277 1139 2312 20
1212 2274 1213 2278 ¹

145 2361 175 2412 b.
197 2353 305 2412 Cacsar
320 2353 431 2412 Remos
446 2353 613 2412 cohortatus
627 2353 833 2429 liberaliterque
848 2353 978 2414 oratione
993 2373 1093 2430 prosc-

102 2463 187 2512 cutus
202 2471 321 2510 omnem
335 2461 467 2510 senatum
482 2451 520 2510 ad
538 2470 569 2510 se
584 2453 736 2510 convenire
751 2453 971 2528 principumque
988 2453 1093 2513 liberos

101 2550 221 2609 obsides
242 2549 280 2607 ad
302 2567 333 2608 se
354 2549 459 2607 adduci
480 2550 569 2608 iussit.
612 2549 696 2621 Quae
714 2551 812 2608 omnia
830 2551 868 2608 ab
883 2549 928 2609 his
945 2551 1095 2627 diligenter
1150 2595 1153 2608 .

101 2646 141 2706 ad
163 2647 241 2705 diem
262 2645 337 2704 facta
358 2656 434 2705 sunt.
475 2647 544 2723 Ipse
565 2647 738 2706 Divitiacum
758 2647 894 2706 Aeduum
908 2667 1093 2725 ,magnopere

101 2744 270 2803 cohortatus
292 2744 383 2817 docet,
407 2756 514 2820 quanto
540 2764 628 2821 opere
651 2746 692 2804 rei
715 2747 849 2823 publicae
874 2749 1092 2824 communisque
1107 2764 1136 2814 25

101 2843 202 2902 salutis
236 2843 346 2901 intersit
376 2861 481 2901 manus
515 2843 642 2902 hostium
677 2843 812 2916 distineri,
844 2863 881 2904 ne
912 2863 980 2903 cum
1013 2855 1093 2905 tanta

100 2940 283 2998 multitudine
303 2957 364 2998 uno
386 2950 517 3016 tempore
538 2941 755 3016 confligendum
776 2941 818 3000 sit.
860 2941 897 3000 Id
915 2943 976 3001 fieri
994 2962 1091 3018 posse,

101 3037 127 3094 si
154 3054 220 3094 suas
245 3037 343 3112 copias
368 3037 463 3096 Aedui
487 3039 517 3096 in
543 3039 615 3097 fines
640 3039 858 3098 Bellovacorum
882 3039 1111 3100 introduxerint

75 3173 77 3179 ι
99 3143 131 3192 et
153 3151 254 3191 eorum
273 3153 360 3210 agros
380 3136 513 3212 populari
534 3138 691 3212 coeperint
733 3136 792 3196 His
808 3137 950 3196 mandatis
967 3156 1034 3196 eum
1053 3140 1090 3197 ab

98 3251 133 3291 se
156 3231 278 3289 dimittit.
319 3233 477 3310 Postquam
502 3253 606 3294 omnes
633 3235 789 3310 Belgarum
816 3236 914 3312 copias
942 3236 972 3294 in
999 3255 1090 3295 unum
1105 3257 1135 3304 30

96 3330 200 3389 locum
221 3339 337 3389 coactas
357 3331 394 3390 ad
418 3351 450 3391 se
474 3333 572 3391 venire
584 3333 653 3390 vidit
676 3351 770 3409 neque
794 3333 852 3392 iam
875 3333 963 3410 longe
987 3336 1088 3395 abesse

96 3431 137 3487 ab
158 3429 202 3499 iis,
225 3446 298 3504 quos
319 3431 444 3502 miserat,
465 3431 692 3506 exploratoribus
714 3441 742 3489 et
762 3433 798 3490 ab
823 3431 923 3490 Remis
945 3434 1088 3509 cognovit,

95 3527 209 3586 flumen
234 3527 380 3602 Axonam,
405 3529 486 3606 quod
511 3529 606 3588 estin
631 3529 765 3590 extremis
790 3529 953 3588 Remorum
974 3531 1087 3604 finibus,

566 3643 618 3686 Da
