2634 3914
154 207 288 276 34-37.
377 206 422 252 DE
444 205 554 252 BELLO
578 204 727 252 GALLICO
750 203 859 253 GOMM.
887 204 944 250 VII.
1084 201 1142 270 153

152 352 312 428 cingetorix
333 371 363 410 re
382 353 507 428 cognita,
526 371 563 410 ne
585 362 686 411 contra
707 367 790 411 suam
810 352 987 410 voluntatem
1009 347 1144 407 dimicare

152 462 309 526 cogeretur,
332 453 446 527 magnis
467 453 616 510 itineribus
636 453 796 510 antecessit.
838 458 890 510 36.
913 450 1020 509 Caesar
1046 467 1082 506 ex
1107 461 1143 505 eo

151 549 218 606 loco
239 549 346 624 quintis
368 549 468 608 castris
489 549 665 624 Gergoviam
686 550 816 625 pervenit
836 543 1018 624 equestrique
1039 563 1075 604 eo
1097 545 1143 603 die

150 647 260 720 proelio
291 647 345 704 levi
376 646 462 718 lactc,
492 657 646 722 perspecto
677 647 756 704 urbis
788 646 851 715 situ,
880 659 955 720 quae
986 643 1080 719 posita
1112 644 1140 699 in

151 743 290 801 altissimo
311 754 410 802 monte
432 745 528 802 omnis
549 744 642 801 aditus
664 743 791 801 difficiles
813 742 944 812 habebat,
959 741 996 800 de
1013 758 1170 816 expugna

151 841 246 898 atione
288 841 457 917 desperavit,
495 842 532 899 de
571 841 740 899 obsessione
779 858 840 898 non
877 841 956 916 prius
998 837 1144 914 agendum
1235 857 1245 875 ·

151 939 306 1010 constituit,
335 957 423 1014 quam
454 957 515 997 rem
543 938 758 997 frumentariam
787 937 959 1013 expedisset.
1002 937 1041 994 At
1070 935 1144 992 Ver·

151 1037 311 1112 cingetorix
327 1037 426 1094 castris
445 1054 537 1112 prope
552 1036 695 1110 oppidum
713 1035 814 1110 positis
828 1035 1023 1093 mediocribus
1037 1034 1144 1091 circum
1181 1075 1183 1080 .

150 1151 181 1192 se
205 1133 358 1192 intervallis
380 1133 534 1209 separatim
558 1133 736 1206 singularum
759 1132 914 1190 civitatium
935 1132 1034 1207 copias
1055 1131 1143 1189 collo·

150 1241 271 1302 caverat,
297 1243 383 1307 atque
411 1231 547 1289 omnibus
576 1231 638 1286 eius
665 1230 725 1303 iugi
753 1229 875 1287 collibus
903 1228 1061 1304 occupatis,
1086 1243 1189 1304 quaro

149 1327 259 1404 despici
284 1338 405 1404 poterat,
430 1328 595 1387 horribilem
617 1329 744 1404 speciem
764 1327 920 1402 praebebat
940 1326 1143 1402 principesque

149 1445 247 1486 earum
271 1427 433 1496 civitatium,
449 1443 523 1502 quos
545 1426 599 1483 sibi
620 1426 658 1484 ad
679 1425 830 1482 consilium
851 1423 1025 1500 capiendum
1045 1423 1143 1499 deleg-

149 1536 216 1594 erat,
249 1524 342 1600 prima
375 1523 439 1581 luce
474 1523 579 1581 cotidie
613 1522 651 1580 ad
686 1539 717 1580 se
748 1523 901 1580 convenire
936 1521 1060 1593 iubebat,
1091 1539 1143 1580 seu

148 1623 219 1698 quid
240 1621 525 1692 communicandum,
548 1621 690 1697 seuquid
711 1620 971 1678 administrandum
992 1620 1142 1691 videretur,

148 1733 243 1796 'neque
264 1720 354 1777 ullum
375 1718 434 1776 fere
456 1718 532 1776 diem
558 1719 770 1788 intermittebat,
792 1719 862 1794 quin
883 1718 1008 1795 equestri
1032 1718 1142 1794 proelio
1158 1736 1186 1785 15

147 1817 302 1876 interiectis
322 1817 482 1892 sagittariis,
501 1817 571 1892 quid
592 1817 622 1874 in
641 1834 758 1892 quoque
777 1826 853 1874 esset
872 1816 960 1874 animi
980 1833 1014 1876 ac
1033 1817 1143 1877 virtutis

149 1931 277 1985 suorum,
292 1914 473 1990 perspiceret.
515 1913 585 1972 Erat
604 1933 620 1972 e
640 1915 759 1989 regione
778 1914 878 1989 oppidi
897 1913 978 1972 collis
998 1916 1052 1972 sub
1073 1916 1143 1990 ipsis

147 2011 292 2070 radicibus
323 2011 431 2070 montis
459 2012 575 2087 egregie
603 2013 731 2069 munitus
746 2001 751 2014 '
766 2021 853 2087 atque
883 2026 919 2069 ex
951 2013 1031 2069 omni
1062 2023 1142 2088 parte

147 2109 351 2181 circumcisus;
374 2127 462 2186 quern
481 2109 505 2166 si
524 2118 653 2166 tenerent
672 2109 771 2180 nostri,
787 2117 815 2166 et
829 2127 920 2184 aquae
935 2127 1042 2184 magna
1061 2121 1142 2185 parte

146 2218 178 2266 et
198 2207 384 2285 pabulatione
406 2208 495 2266 libera
515 2206 684 2283 prohibituri
705 2207 804 2264 hostes
825 2207 1001 2266 videbantur.
1045 2200 1103 2266 Sed
1118 2209 1141 2266 is
1157 2223 1187 2258 το

146 2304 231 2364 locus
252 2305 396 2381 praesidio
417 2306 454 2362 ab
475 2305 519 2363 his
540 2323 601 2362 non
620 2304 705 2362 nimis
724 2304 807 2361 firmo
827 2305 984 2361 tenebatur.
1027 2303 1141 2363 Tamen

149 2403 263 2460 silentio
283 2404 377 2461 noctis
399 2402 507 2461 Caesar
531 2421 567 2460 ex
594 2402 694 2460 castris
716 2419 858 2476 egressus,
880 2401 1049 2476 priusquam
1074 2405 1141 2460 sub-

150 2501 225 2559 sidio
247 2519 282 2559 ex
304 2501 414 2577 oppido
435 2501 524 2558 veniri
543 2510 652 2576 posset,
669 2499 781 2557 deiecto
795 2499 940 2574 praesidio
954 2501 1061 2575 potitus
1075 2501 1142 2560 loco

145 2599 222 2656 duas
241 2599 281 2656 ibi
299 2598 430 2673 legiones
449 2597 602 2656 collocavit
621 2597 787 2672 fossamque
807 2595 952 2671 duplicem
972 2596 1141 2655 duodenum

147 2696 257 2772 pedum
275 2715 296 2753 a
316 2696 473 2753 maioribus
494 2696 593 2752 castris
615 2694 652 2751 ad
672 2694 785 2750 minora
804 2692 947 2768 perduxit,
967 2703 1000 2752 ut
1020 2703 1083 2753 tuto
1104 2697 1141 2754 ab
1156 2715 1185 2765 ²5

146 2793 300 2869 repentino
314 2793 442 2851 hostium
456 2793 574 2850 incursu
588 2792 674 2848 etiarn
689 2790 794 2865 singuli
809 2807 973 2849 commeare
987 2803 1116 2867 possent.

189 2895 239 2951 87.
260 2890 340 2948 Dum
368 2890 440 2948 haec
470 2890 507 2948 ad
532 2887 708 2963 Gergoviam
735 2897 882 2962 geruntur,
908 2887 1140 2949 Convictolitavis

147 2989 278 3059 Aeduus,
304 2989 350 3046 cui
377 2988 575 3063 magistratum
603 2986 798 3044 adiudicatum
825 3003 843 3042 a
867 2985 991 3044 Caesare
1019 2987 1140 3045 demon·

143 3086 308 3156 stravimus,
330 3085 494 3143 sollicitatus
516 3085 553 3142 ab
574 3084 710 3141 Arvernis
731 3083 855 3158 pecunia
875 3101 943 3141 cum
967 3085 1139 3160 quibusdam

147 3183 380 3241 adulescentibus
395 3183 582 3258 colloquitur;
604 3199 729 3256 quorum
748 3191 808 3238 erat
827 3181 962 3256 princeps
977 3181 1139 3242 Litaviccus
1153 3203 1185 3252 30

144 3290 235 3355 atque
267 3280 329 3339 eius
360 3279 467 3351 iratres,
497 3280 674 3355 amplissima
705 3279 812 3336 familia
842 3279 901 3336 nati
932 3279 1138 3342 adulescentes.

145 3376 226 3434 Cum
249 3375 294 3433 his
315 3377 475 3452 praemium
496 3377 692 3435 communicat
712 3375 907 3450 hortaturque,
929 3385 960 3433 ut
982 3394 1013 3434 se
1034 3377 1138 3440 liberos

143 3481 178 3531 et
198 3473 318 3550 imperio
339 3484 424 3532 natos
446 3473 636 3533 meminerint.
678 3471 777 3530 Unam
798 3491 862 3532 esse
882 3473 1052 3533 Aeduorum
1072 3478 1137 3536 civi·
