2634 3914
182 198 242 286 136
499 211 527 261 o.
551 212 644 259 zuar]
666 209 841 258 onnsnnrs
1112 215 1165 262 vu.
1271 202 1272 254 1

118 371 120 380 “
178 362 270 434 facile,
289 360 369 439 quod
389 379 484 438 neque
505 360 635 436 legiones
656 360 781 419 audeant
799 361 918 420 absente
938 359 1111 438 imperatore
1133 381 1168 424 ex

178 459 305 518 hibernis
324 459 432 536 egredi,
447 476 543 535 neque
561 458 718 534 imperator
737 457 799 515 sine
818 458 963 534 praesidio
982 459 1020 516 ad
1039 459 1169 536 legiones

178 558 326 635 pervenire
340 557 457 634 possit„
483 555 635 615 Postremo
652 556 683 612 in
700 555 761 614 acie
775 564 921 630 praestare
938 557 1066 626 interfici,
1082 548 1169 633 quarn

178 675 239 715 non
257 664 383 715 veterem
401 653 467 713 belli
486 653 608 730 gloriam
626 652 852 728 libertatemque,
871 670 959 729 quam
977 669 996 710 a
1013 654 1169 714 maioribus

151 754 348 831 5acceperint,
372 737 550 828 recuperare.
601 756 629 809 2.
651 749 708 809 His
739 750 825 809 rebus
856 751 969 826 agitatis
1000 753 1169 828 profitentur

178 850 320 910 Carnutes
355 868 386 911 se
420 849 531 908 nullum
561 843 720 926 periculum
754 848 916 906 communis
951 847 1049 909 salutis
1082 868 1170 909 causa

178 964 312 1005 recusare
338 945 541 1022 principesque
566 962 603 1002 ex
627 943 763 1002 omnibus
786 942 894 1000 bellum
918 941 1044 1002 facturos
1071 943 1170 1020 pollic-

178 1053 262 1102 entur
282 1052 319 1116 et,
341 1043 481 1120 quoniam
502 1041 715 1119 inpraesentia
739 1040 889 1098 obsidibus
915 1059 1016 1100 cavere
1039 1041 1114 1100 inter
1138 1059 1170 1100 se

178 1160 240 1200 non
254 1141 374 1218 possint,
388 1158 426 1198 ne
440 1158 485 1199 res
500 1139 642 1211 efferatur,
657 1149 689 1197 ut
703 1138 884 1197 iureiurando
898 1155 932 1196 ac
946 1139 1003 1198 fide
1018 1140 1169 1211 sanciatur,

136 1249 288 1316 repetunt,
309 1239 419 1298 collatis
439 1238 607 1296 militaribus
631 1237 810 1313 signisquo
834 1253 916 1293 more
937 1253 1038 1294 eorum
1061 1238 1170 1313 gravis-

179 1339 252 1396 sima
271 1337 446 1396 caerimonia
465 1336 635 1406 continetur,
654 1353 691 1392 ne
711 1333 788 1392 facto
808 1332 891 1391 initio
911 1333 978 1391 belli
997 1335 1035 1392 ab
1053 1335 1170 1411 reliquis

178 1436 354 1493 deserantur.
396 1433 476 1492 Tum
496 1432 665 1492 collaudatis
686 1430 869 1502 Carnutibus,
893 1433 960 1496 dato
987 1432 1170 1493 iureiurando

179 1534 216 1590 ab
241 1533 384 1603 omnibus
409 1517 459 1608 qui
486 1532 614 1602 aderant,
638 1540 769 1607 tempore
797 1532 858 1591 eius
885 1532 927 1590 rei
951 1531 1107 1592 constituto
1132 1531 1170 1588 ab

180 1630 303 1689 concilio
322 1629 483 1688 disceditur.
527 1635 555 1688 3.
577 1627 637 1686 Ubi
658 1647 693 1687 ea
713 1628 775 1686 dies
795 1630 881 1700 venit,
901 1629 1043 1688 Carnutes
1061 1627 1169 1688 Gutru·

136 1744 165 1794 15
179 1738 228 1786 ato
256 1736 285 1785 et
312 1725 619 1786 Conconnetodumno
650 1726 779 1797 ducibus,
808 1727 966 1804 desperatis
993 1727 1169 1796 hominibus,

180 1826 332 1886 Cenabum
360 1826 446 1901 signo
473 1826 543 1885 dato
570 1836 744 1885 concurrunt
771 1825 905 1902 civesque
933 1825 1094 1897 Romanos,
1120 1825 1170 1901 qui

179 1923 348 2001 negotiandi
375 1941 463 1983 causa
492 1923 532 1982 ibi
564 1925 760 1994 constiterant,
787 1923 818 1981 in
847 1924 893 1983 his
913 1922 1028 1983 'Gaium
1054 1922 1170 1981 Fufium

180 2021 284 2093 Citam,
307 2021 462 2080 honestum
485 2021 612 2098 equitem
636 2020 813 2100 Romanum,
831 2022 881 2098 qui
904 2022 945 2080 rei
968 2021 1171 2080 frumentariae

179 2120 258 2178 iussu
274 2117 406 2178 Caesaris
420 2128 559 2196 praeerat,
573 2118 746 2178 interficiunt
759 2120 896 2196 bonaque
910 2136 1010 2179 eorum
1025 2119 1170 2196 diripiunt.

135 2233 167 2270 ao
179 2199 316 2275 Celeriter
339 2215 377 2275 ad
390 2233 501 2275 omnes
522 2214 633 2275 Galliae
653 2217 780 2275 civitates
801 2217 879 2276 fama
902 2217 1050 2293 perfertur.
1091 2215 1171 2274 Nam

178 2316 353 2390 ubicumque
377 2314 470 2372 maior
493 2323 580 2389 atque
607 2314 741 2372 illustrior
764 2314 863 2372 incidit
886 2333 940 2386 res,
965 2315 1091 2374 clamore
1118 2332 1171 2390 per

179 2429 265 2488 agros
286 2413 478 2488 regionesque
497 2411 676 2486 significant;
701 2410 779 2470 hunc
797 2411 843 2470 alii
864 2411 1001 2488 deinceps
1022 2413 1171 2489 excipiunt

178 2519 207 2568 et
234 2509 372 2585 proximis
395 2507 519 2580 tradunt,
546 2517 578 2567 ut
604 2518 666 2568 tum
694 2509 805 2568 accidit.
849 2509 928 2568 Nam
955 2528 1029 2586 quae
1058 2509 1171 2568 Cenabi

179 2606 289 2666 oriente
313 2606 374 2664 sole
394 2616 477 2682 gesta
497 2615 601 2676 essent,
622 2616 689 2664 ante
713 2607 835 2682 primam
856 2607 1019 2667 conlectam
1042 2608 1171 2684 vigiliam

135 2718 165 2766 ²5
179 2705 210 2762 in
224 2704 330 2764 finibus
347 2704 543 2762 Arvernorum
559 2703 656 2762 audita
673 2714 748 2776 sunt,
762 2705 843 2780 quod
859 2706 984 2782 spatium
1001 2714 1045 2764 est
1058 2706 1171 2764 milium

178 2819 320 2878 passuum
334 2801 445 2860 circiter
458 2817 523 2860 oux.

219 2904 250 2957 4.
273 2898 363 2957 Simili
377 2899 487 2956 ratione
502 2898 542 2956 ibi
558 2898 786 2976 Vercingetorix,
799 2899 901 2958 Celtilli
916 2900 998 2971 filius,
1014 2900 1169 2972 Arvernus,

179 3014 311 3055 summae
329 2997 474 3072 potentiae
493 2996 670 3066 adulescens,
690 2997 771 3055 cuius
788 3006 869 3072 pater
887 2999 1081 3074 principatum
1100 2996 1171 3056 Gal·

179 3096 234 3153 liae
247 3095 334 3152 totius
349 3093 511 3152 obtinuerat
525 3103 553 3151 et
567 3094 684 3152 obeam
699 3112 824 3166 causam,
839 3096 919 3171 quod
932 3114 1055 3171 regnum
1069 3107 1170 3172 appet-

136 3205 166 3252 30
180 3193 255 3261 ebat,
278 3192 314 3249 ab
337 3190 449 3248 civitate
470 3199 531 3248 erat
551 3190 724 3262 interfectus,
746 3194 912 3251 convocatis
937 3193 995 3251 suis
1020 3193 1170 3252 clientibus

180 3287 262 3346 facile
290 3287 425 3346 incendit.
468 3285 595 3364 Cognito
623 3288 684 3347 eius
709 3290 829 3348 consilio
856 3289 894 3348 ad
921 3307 1001 3348 arma
1025 3291 1171 3348 concurri-

180 3397 233 3446 tur.
276 3385 446 3444 Prohibetur
473 3387 510 3444 ab
539 3385 762 3458 Gobannitione,
784 3397 887 3463 patruo
915 3406 976 3460 suo,
998 3388 1171 3468 reliquisque

181 3481 365 3560 principibus,
388 3482 437 3558 qui
460 3481 536 3541 hanc
557 3484 754 3562 temptandam
775 3485 920 3544 fortunam
945 3503 1005 3543 non
1026 3487 1171 3544 existima-
