2634 3914
175 189 214 260 86
495 217 524 264 c.
546 214 637 263 rurrr
658 213 831 264 caasnnrs
1131 217 1161 262 v.

95 403 102 414 .
171 358 285 420 Eodem
314 361 456 439 equitatus
483 364 571 424 totius
599 362 709 424 Galliae
737 365 873 424 convenit
900 381 1022 424 numero
1050 363 1159 420 milium

172 467 306 532 quattuor
333 459 535 536 principesque
563 479 599 521 ex
623 461 758 529 omnibus
787 461 962 534 civitatibus;
995 481 1031 520 ex
1056 460 1160 537 quibus

171 573 341 631 perpaucos,
366 575 490 632 quorum
513 559 597 617 inse
621 558 709 616 fidem
730 568 923 635 perspexerat,
948 560 1108 635 relinquere
1130 559 1161 616 in

172 652 273 725 Gallia,
302 653 428 730 reliquos
459 655 594 716 obsidum
621 656 688 714 loco
717 675 817 716 secum
850 657 955 716 ducere
988 657 1160 727 decreverat,

143 751 260 826 5qu0d,
275 769 342 814 cum
361 753 424 828 ipse
444 755 565 824 abesset,
585 764 698 812 motum
717 753 828 814 Galliae
842 756 1000 814 verebatur.
1042 761 1072 813 6.
1094 753 1162 811 Erat

172 866 319 908 unacum
340 850 442 910 ceteris
463 850 628 909 Dumnorix
649 849 779 924 Aeduus
802 853 838 911 de
857 871 916 929 quo
931 861 1000 911 ante
1021 854 1059 910 ab
1077 853 1162 910 nobis

174 946 282 1004 dictum
310 956 361 1006 est.
403 947 494 1006 Hunc
522 966 623 1007 secum
650 948 755 1010 habere
783 950 937 1026 inprimis
966 951 1160 1018 constituerat,

174 1045 335 1120 quodcum
350 1045 487 1122 cupidum
498 1064 594 1104 rerum
608 1063 756 1118 novarum,
776 1047 914 1123 cupidum
928 1049 1048 1123 imperii,
1064 1045 1163 1122 magni

173 1141 270 1212 animi,
289 1160 413 1218 magnae
432 1143 506 1202 inter
525 1142 626 1202 Gallos
647 1145 822 1204 auctoritatis
843 1154 1027 1220 cognoverat.
1069 1144 1162 1203 Acce·

130 1258 161 1294 10
174 1239 260 1298 debat
282 1238 347 1310 huc,
370 1240 450 1316 quod
474 1241 505 1298 in
529 1240 654 1299 concilio
676 1241 846 1300 Aeduorum
868 1241 1032 1300 Dumnorix
1054 1242 1164 1300 dixerat

174 1337 228 1395 sibi
242 1355 260 1395 a
274 1336 398 1396 Caesare
417 1357 541 1414 regnum
560 1339 679 1397 civitatis
700 1339 803 1398 deferri
813 1359 821 1413 ;
843 1339 924 1416 quod
942 1340 1050 1398 dictum
1068 1339 1164 1398 Aedui

174 1436 295 1512 graviter
323 1436 461 1507 ferebant,
490 1454 598 1512 neque
617 1437 769 1498 recusandi
797 1447 846 1496 aut
873 1438 1049 1514 deprecandi
1077 1455 1165 1496 causa

174 1535 285 1609 legatos
305 1533 343 1591 ad
363 1533 519 1593 Caesarem
540 1535 652 1592 mittere
671 1535 824 1594 audebant.
865 1535 901 1596 Id
918 1536 1027 1594 factum
1047 1555 1084 1595 ex
1105 1535 1164 1594 suis

174 1634 337 1710 hospitibus
355 1632 463 1692 Caesar
476 1644 660 1711 cognoverat
702 1634 754 1696 Ille
768 1636 904 1694 omnibus
922 1635 1016 1711 primo
1031 1635 1164 1712 precibus

132 1755 161 1806 15
175 1742 274 1807 petere
302 1732 459 1804 contendit,
486 1742 518 1790 ut
541 1732 572 1790 in
595 1732 689 1792 Gallia
715 1733 929 1808 relinqueretur,
954 1733 1058 1811 partim
1085 1731 1166 1809 quod

175 1830 303 1888 insuetus
328 1829 482 1904 navigandi
506 1847 586 1888 mare
606 1831 726 1902 timeret,
751 1832 856 1907 partim
871 1831 956 1906 ¹quod
979 1830 1165 1905 religionibus

175 1926 308 2002 impediri
329 1944 393 1985 sese
411 1927 526 1986 diceret.
568 1927 762 2004 Posteaquam
778 1928 808 1987 id
828 1928 971 1986 obstinate
992 1927 1045 1986 sibi
1066 1928 1166 2003 negari

176 2024 253 2094 vidit,
291 2025 372 2084 omni
411 2042 463 2100 spe
497 2025 669 2101 impetrandi
707 2026 844 2101 adempta
877 2024 1021 2101 principes
1056 2023 1167 2083 Gallae

177 2123 336 2194 sollicitare,
362 2140 497 2182 sevocare
519 2124 649 2199 singulos
673 2123 837 2198 hortarique
858 2122 962 2198 coepit,
984 2123 1025 2180 uti
1044 2122 1075 2179 in
1096 2139 1167 2180 con·

133 2242 164 2278 ιο
177 2219 284 2279 tinenti-
297 2232 498 2294 remanerent;
519 2231 599 2282 metu
616 2221 761 2278 territare:
782 2238 844 2278 non
864 2221 925 2277 sine
947 2238 1034 2278 causa
1052 2219 1120 2290 fieri,
1135 2229 1168 2278 ut

177 2317 272 2377 Gallia
310 2321 392 2379 omni
431 2319 579 2378 nobilitate
616 2318 802 2393 spoliaretur;
844 2317 875 2376 id
912 2335 975 2376 esse
1015 2317 1169 2376 consilium

179 2415 321 2488 Caesaris,
340 2427 380 2488 ut,
396 2435 471 2492 quos
488 2417 519 2474 in
537 2426 698 2491 conspectu
714 2414 824 2474 Galliae
843 2415 1003 2474 interficere
1017 2426 1168 2488 vereretur,

178 2516 232 2575 hos
244 2533 348 2574 omnes
368 2516 398 2572 in
418 2514 594 2572 Britanniam
615 2515 761 2574 traductos
782 2524 915 2587 necaret;
945 2514 1032 2572 fidem
1052 2515 1170 2590 reliquis

180 2616 373 2688 interponere,
401 2611 598 2672 iusiurandum
626 2629 756 2687 poscere,
784 2619 824 2683 ut,
844 2611 933 2686 'quod
960 2629 1024 2669 esse
1051 2629 1087 2670 ex
1114 2630 1171 2670 usu

135 2727 164 2776 25
180 2710 291 2770 Galbae
330 2709 543 2780 intellexissent,
582 2709 730 2768 communi
764 2709 886 2768 consilio
929 2708 1171 2768 administrarent.

179 2807 265 2866 Haec
289 2825 307 2865 a
333 2807 527 2883 compluribus
556 2808 593 2866 ad
618 2805 775 2864 Caesarem
802 2806 1009 2865 deferebantur.
1052 2814 1080 2869 7.
1102 2808 1173 2881 Qua

179 2925 211 2965 re
234 2905 352 2980 cognita
375 2903 490 2974 Caesar,
516 2903 596 2979 quod
619 2913 731 2961 tantum
756 2903 861 2962 civitati
881 2903 1002 2962 Aeduae
1024 2904 1173 2981 dignitatis

180 3003 332 3072 tribuebat,
361 3001 554 3059 coercendum
587 3009 674 3076 atque
702 3000 913 3071 deterrendum,
942 3002 1174 3080 quibuscumque

180 3102 266 3158 rebus
293 3107 401 3174 posset,
428 3096 642 3172 Dumnorigem
670 3099 828 3170 statuebat3
861 3097 940 3173 quod
967 3098 1082 3174 longius
1110 3103 1175 3162 eius

137 3225 168 3274 30
182 3197 337 3256 amentiam
366 3195 501 3272 progredi
528 3195 650 3266 videbat,
679 3196 926 3272 prospiciendum,
954 3213 992 3253 ne
1019 3198 1090 3272 quid
1118 3201 1176 3258 sibi

182 3313 217 3353 ac
241 3293 414 3368 reipublicae
438 3310 544 3351 nocere
568 3303 675 3369 posset.
717 3294 819 3370 Itaque
845 3293 906 3351 dies
930 3293 1041 3352 circiter
1061 3315 1119 3354 xxv
1142 3299 1177 3357 in

184 3407 221 3448 eo
252 3390 318 3448 loco
347 3399 551 3461 commoratus,
585 3391 666 3467 quod
697 3390 791 3450 Corus
824 3400 926 3449 ventus
959 3393 1178 3468 navigationem

184 3486 366 3563 impediebat,
394 3488 444 3564 qui
470 3505 608 3565 magnam
635 3499 746 3566 partem
774 3489 870 3549 omnis
904 3491 1043 3566 temporis
1070 3492 1102 3550 in
1128 3493 1178 3554 his
