2652 3928
548 579 591 644 Α.
630 581 789 645 HIRT-'II

287 826 383 910 ns
443 772 1082 958 aeuLoGALcho

439 1093 725 1148 continu-'rmus
749 1081 925 1147 ocrnvusl

488 1322 559 1388 BC.
581 1337 628 1398 51.
669 1321 780 1392 ΑΗΕ.
801 1335 869 1406 703.

223 1520 340 1576 Renewal
359 1521 388 1572 oi
400 1535 451 1576 war
470 1521 504 1586 by
518 1521 561 1570 the
578 1521 698 1570 Carnutes
717 1519 766 1568 aud
782 1518 914 1569 Bellovaci.
940 1519 1014 1586 Siege
1033 1519 1063 1570 of
1074 1518 1178 1570 Uxello-

188 1604 288 1653 dunum.
319 1603 457 1653 Reduction
469 1602 497 1652 of
506 1602 648 1667 Aquitania.
692 1600 892 1650 Pacifioationot'
901 1600 976 1660 Gaul.
1005 1603 1177 1668 Rreparations

186 1685 226 1735 for
237 1684 294 1734 civil
305 1701 365 1734 war.

228 1826 355 1898 Coactus
386 1825 511 1886 assiduis
541 1825 600 1892 tuis
631 1825 760 1896 vocibus,
795 1825 895 1899 ¹Balbe,
929 1845 996 1889 curn
1029 1827 1176 1894 cotidiana

187 1943 255 1983 mea
274 1925 418 1984 recusatio
446 1942 508 1983 non
529 1923 700 1983 difficultatis
727 1925 954 1995 excusationem,
980 1925 1032 1984 sed
1056 1925 1175 1990 inertiae

185 2023 330 2084 rideretur
345 2021 584 2100 deprecationem
602 2022 724 2094 habere*
742 2041 804 2082 rem
829 2022 1027 2086 difficillimam
1051 2024 1175 2099 suscepi.

189 2118 322 2186 Caesaris
344 2121 434 2180 nostri
455 2120 680 2188 commentarios
700 2138 796 2180 rerum
817 2130 964 2198 gestarum
982 2119 1093 2179 (hiliae
1115 2138 1177 2189 non

161 2219 410 2288 scolaarentibus
429 2218 625 2294 superioribus
641 2225 729 2292 atque
746 2217 964 2292 insequentibus
981 2218 1043 2282 eius
1056 2219 1176 2294 seriptis

188 2316 325 2378 contexui
362 2315 609 2390 novissimumque
649 2313 851 2388 imperfectum
889 2317 926 2377 ab
963 2317 1049 2376 rebus
1087 2316 1177 2391 gestis

189 2413 380 2477 Alexandriae
407 2411 520 2477 conieci
541 2429 638 2486 usque
666 2409 703 2467 ad
728 2411 837 2478 exitum
861 2430 923 2471 non
945 2413 1064 2488 quidem
1089 2413 1177 2473 civilis

185 2509 384 2578 dissensionis,
400 2509 481 2570 cuius
495 2508 583 2572 finem
596 2507 708 2570 nullum
722 2507 859 2580 videmus,
879 2509 932 2568 sed
946 2510 1020 2574 vitae
1034 2509 1177 2570 Caesaris.

186 2605 275 2678 ,Quos
302 2608 413 2666 utinam
438 2606 489 2682 qui
515 2605 614 2682 legent
636 2604 710 2663 scire
733 2606 847 2681 possint
871 2625 959 2682 quarn
983 2608 1090 2666 invitus
1114 2627 1177 2674 sus·

145 2733 178 2768 ω
190 2705 316 2780 ceperim
343 2703 521 2774 scribendos,
555 2720 614 2778 quo
642 2701 752 2760 facilius
783 2722 897 2768 caream
931 2705 1064 2774 stultitiae
1087 2714 1178 2781 atque

188 2802 369 2880 arrogantiae
390 2801 518 2871 crimine,
537 2800 589 2876 qui
609 2818 658 2864 me
679 2799 782 2860 mediis
802 2801 1024 2877 interposuerim
1041 2803 1177 2873 Caesaris

190 2900 312 2990 scriptis.
355 2899 477 2966 Constat
496 2899 575 2964 enim
601 2899 675 2956 inter
695 2915 799 2958 omnes
815 2899 888 2958 *nihil
907 2910 970 2962 tam
991 2920 1115 2978 operose
1140 2905 1178 2970 ab

190 3000 251 3060 aliis
273 3015 337 3056 esse
358 2997 526 3074 perfectum,
548 2995 629 3071 quod
647 3013 711 3060 non
730 2995 836 3060 horum
861 2998 1004 3073 elegantia
1028 3018 1178 3060 comanen-

189 3099 326 3158 rariorum
352 3106 508 3171 superetur.
553 3094 612 3166 Qui
634 3103 704 3152 sunt
726 3095 802 3164 editi,
828 3097 1010 3162 nescientia
1034 3107 1178 3162 tantarum

146 3213 284 3270 raretum
319 3193 504 3268 scriptoribus
538 3192 659 3260 deesset,
693 3191 826 3266 adeoque
858 3195 1017 3268 probantur
1045 3196 1178 3260 omnium

187 3293 305 3365 iudicio,
334 3302 365 3350 ut
396 3300 557 3368 praerepta,
595 3308 656 3350 non
683 3291 812 3365 praebita
842 3290 962 3352 facultas
992 3293 1177 3367 scriptoribus

188 3391 325 3455 videatur.
363 3388 458 3479 Cuips
479 3398 577 3454 auten
596 3387 636 3444 rei
657 3387 750 3454 maior
768 3397 878 3459 nostra,
896 3407 985 3464 quam
1002 3389 1178 3464 reliquorum

189 3498 233 3546 est
242 3487 413 3545 admiratio:
436 3485 522 3544 ceteri
537 3485 624 3554 enim,
639 3501 727 3560 quam
746 3486 821 3550 bene
839 3495 926 3562 atque
945 3487 1107 3558 emendate,
1120 3503 1177 3552 nos
1249 3555 1259 3578 v
