2634 3914
146 215 281 278 11—14.
360 212 405 259 DE
427 211 535 258 BELLO
558 211 706 260 GALLICO
729 210 838 260 coMM.
865 211 926 261 VII.
1073 213 1130 274 141

142 360 305 435 ignosceret
333 378 459 437 suaeque
486 361 559 420 vitae
581 363 750 433 consuleret,
771 372 802 422 ut
834 363 976 422 celeritate
1008 361 1132 437 reliquas

141 475 187 516 res
210 458 372 529 conficeret,
396 477 453 534 qua
477 460 613 534 pleraque
627 469 688 518 erat
702 470 884 531 consecutus
899 479 979 518 arma
999 458 1132 532 conferri,

142 573 235 631 equos
264 555 394 632 produci,
423 557 540 615 obsides
571 557 633 615 dari
660 559 746 616 iubet.
800 558 884 617 Parte
911 559 969 616 iarn
997 556 1134 615 obsidum·

140 654 252 724 tradita,
268 671 334 714 cum
348 652 458 730 reliqua
471 653 744 725 administrarentur,
759 655 974 714 centruionibus
988 664 1016 713 et
1031 653 1130 730 paucis

140 751 277 810 militibus
307 751 486 822 intromissis,
515 753 565 827 qui
598 769 678 809 arma
705 753 890 830 iumentaque
922 753 1158 829 conquirerent5

141 850 283 925 equitatus
300 847 428 907 hostium
447 849 548 925 procul
567 849 644 908 visus
665 859 717 921 est,
732 851 781 928 qui
800 869 906 926 agmen
919 850 1131 925 Vercingetori-

141 947 186 1022 gis
207 954 406 1034 antecesserat.
445 944 542 1016 Quem
562 946 745 1023 simulatque
759 947 898 1024 oppidani
919 955 1132 1023 conspexerunt

141 1057 227 1120 atque
248 1045 278 1102 in
300 1061 383 1120 spem
404 1043 500 1102 auxilii
520 1053 668 1115 venerunt,
684 1045 811 1103 clamore
831 1045 944 1104 sublato
966 1062 1046 1103 arma
1063 1061 1131 1118 cap-

141 1160 198 1212 ere,
223 1152 321 1218 portas
346 1142 487 1212 claudere,
509 1159 624 1198 murum
652 1143 797 1218 complere
826 1152 992 1219 coeperunt.
1043 1141 1131 1201 Cent-

140 1240 256 1298 uriones
290 1240 321 1297 in
347 1239 458 1315 oppido
486 1257 553 1297 cum
581 1257 617 1298 ex
648 1239 857 1315 significatione
885 1239 1034 1300 Gallorum
1062 1243 1131 1300 novi
1146 1272 1175 1306 10

140 1338 248 1412 aliquid
276 1338 313 1395 ab
340 1337 374 1395 iis
401 1337 464 1394 iniri
489 1337 601 1396 consilii
625 1337 839 1410 intellexissent,
864 1339 967 1414 gladiis
989 1338 1130 1397 destrictis

140 1444 239 1510 portas
263 1444 477 1510 occupaverunt
497 1452 624 1510 suosque
644 1452 748 1495 omnes
769 1437 930 1495 incolumes
950 1446 1128 1511 receperunt.

140 1539 186 1591 la.
208 1531 315 1591 Caesar
329 1551 365 1590 ex
380 1533 480 1590 castris
494 1533 653 1609 equitatum
672 1533 756 1592 educi
770 1533 856 1605 iubet,
871 1534 1013 1610 proelium
1027 1551 1129 1609 eques·

139 1639 182 1688 tre
215 1630 382 1688 committit:
413 1630 609 1689 laborantibus
641 1633 699 1688 iam
731 1633 791 1691 suis
824 1632 989 1692 Germanos
1019 1633 1129 1708 equites

141 1727 251 1786 circiter
272 1743 344 1785 ocoo
364 1728 510 1798 submittit,
530 1745 604 1802 quos
627 1711 664 1786 ab
686 1730 766 1788 initio
787 1729 894 1789 habere
917 1748 1015 1789 secum
1038 1731 1129 1788 instit·
1145 1758 1172 1808 15

139 1836 227 1884 uerat.
269 1823 378 1883 Eorum
400 1827 539 1902 impeturn
554 1824 628 1884 Galli
643 1827 782 1885 sustinere
797 1845 857 1885 non
872 1837 1029 1903 potuerunt
1043 1839 1129 1904 atque

140 1924 170 1981 in
191 1923 291 2000 fugam
319 1924 442 1982 coniecti
462 1923 557 1982 multis
578 1925 692 1983 amissis
713 1943 744 1983 se
765 1925 803 1982 ad
824 1943 930 2000 agmen
950 1935 1128 2001 receperunt.

141 2021 255 2094 Quibus
280 2021 437 2097 profligatis
461 2038 558 2079 rursus
583 2022 723 2098 oppidani
744 2023 882 2098 perterriti
902 2021 1129 2098 comprehensos

139 2138 200 2191 eos,
229 2137 353 2196 quorum
380 2136 470 2195 opera
496 2119 612 2194 plebem
646 2120 819 2178 concitatam
853 2119 1063 2192 existimabant,
1092 2119 1129 2194 ad

140 2215 297 2276 Caesarem
311 2216 505 2292 perduxerunt
518 2234 638 2292 seseque
653 2218 680 2275 ei
695 2217 873 2276 dediderunt.
915 2216 1028 2290 Quibus
1042 2219 1128 2277 rebus
1143 2246 1173 2280 20

140 2314 280 2374 contectis
294 2314 401 2374 Caesar
415 2315 452 2373 ad
471 2315 613 2391 oppidum
627 2316 789 2386 Avaricum,
804 2315 883 2392 quod
897 2326 957 2375 erat
969 2316 1126 2374 maximum

139 2412 420 2488 munitissimumque
434 2413 464 2469 in
478 2411 582 2470 finibus
600 2411 761 2488 Biturigum
779 2422 864 2489 atque
883 2413 944 2489 agri
958 2412 1129 2472 fertilissima

139 2510 267 2586 regione,
296 2509 441 2586 profectus
469 2518 520 2580 est,
549 2510 628 2586 quod
652 2528 688 2568 eo
711 2511 821 2586 oppido
844 2522 960 2586 recepto
985 2512 1128 2571 civitatem

139 2607 300 2684 Biturigum
315 2625 346 2666 se
359 2608 390 2664 in
403 2616 576 2683 potestatem
589 2608 769 2666 redacturum
784 2609 956 2668 confidebat.

179 2710 227 2764 14.
248 2704 466 2780 Vercingetorix
481 2713 523 2762 tot
540 2706 683 2764 continuis
697 2706 890 2765 incommodis
903 2706 1125 2779 Vellaunoduni,
1142 2732 1170 2782 ²5

139 2801 260 2872 Cenabi,
288 2801 454 2860 Novioduni
482 2802 608 2877 acceptis
636 2820 706 2860 suos
733 2804 771 2861 ad
798 2804 952 2862 concilium
977 2816 1126 2864 convocat.

137 2900 234 2960 Docet
252 2901 340 2975 longe
359 2899 414 2957 alia
432 2899 542 2958 ratione
560 2917 624 2957 esse
643 2899 750 2958 bellum
768 2902 929 2976 gerendum
943 2912 1028 2978 atque
1042 2913 1127 2962 antea

137 2993 253 3074 gestum
273 2997 317 3056 sit.
356 2995 500 3056 Omnibus
519 2996 614 3054 modis
628 2995 694 3054 huic
708 2997 749 3054 rei
763 2997 947 3070 studendum,
961 3007 994 3056 ut
1007 2999 1126 3075 pabula-

137 3097 216 3156 tione
240 3104 270 3153 et
290 3103 456 3153 commeatu
475 3093 602 3152 Romani
623 3093 836 3169 prohibeantur.
879 3094 915 3154 id
942 3113 1006 3154 esse
1034 3095 1125 3168 facile,

136 3191 217 3271 quod
231 3193 359 3268 equitatu
372 3193 426 3268 ipsi
441 3192 588 3250 abundent
601 3201 630 3250 et
643 3191 723 3268 quod
737 3193 806 3250 anni
819 3202 950 3267 tempore
965 3193 1125 3252 sublevent·
1139 3217 1170 3266 30

135 3309 179 3349 ur.
221 3289 362 3349 Pabulum
382 3289 473 3348 secari
486 3306 547 3346 non
561 3306 666 3364 posse;
688 3291 851 3372 necessario
865 3290 1011 3366 dispersos
1027 3290 1125 3352 hostes

135 3383 173 3446 ex
194 3387 331 3446 aedificiis
352 3397 466 3464 petere:
487 3385 542 3444 hos
562 3403 665 3444 omnes
687 3386 791 3444 cotidie
814 3389 851 3445 ab
873 3390 1015 3462 equitibus
1038 3390 1125 3451 deleri

135 3503 233 3564 posse.
274 3485 425 3546 Praeterea
441 3484 538 3546 salutis
553 3501 641 3544 causa
653 3484 694 3543 rei
715 3483 860 3546 familiaris
880 3489 1036 3548 commoda
1054 3508 1125 3568 neg.-
