2606 3934
184 180 225 260 58
484 197 513 245 c.
536 197 631 245 rurrr
652 197 826 247 caesareis
1125 200 1173 245 111.

183 352 366 418 pugnaretur.
408 350 454 404 16.
477 346 546 418 Quo
570 349 680 424 proelio
701 348 808 406 bellum
831 346 1013 406 Venetorum
1033 343 1175 420 totiusque

184 457 252 498 orae
269 442 429 501 maritimae
446 443 614 503 confectum
635 455 686 504 est.
728 445 807 503 Nam
828 463 895 504 cum
917 444 1014 503 omnis
1034 443 1174 510 iuventus

184 556 287 597 onmes
304 540 391 598 etiam
407 542 545 617 gravioris
564 543 674 613 aetatis,
695 543 725 600 in
746 543 850 619 quibus
871 541 979 617 aliquid
1001 539 1113 599 consilii
1128 548 1175 596 aut

184 636 329 712 dignitatis
356 636 417 709 fuit,
442 656 478 696 eo
506 650 709 712 convenerant,
732 650 794 698 tum
823 639 939 698 navium
964 638 1044 714 quod
1070 636 1175 712 ubique

157 733 276 792 5fuerat
298 735 329 792 in
355 753 447 794 unum
473 735 570 795 locum
598 745 769 813 coegerant3
805 737 909 813 quibus
937 736 1050 795 amissis
1077 729 1175 809 reliqui

183 850 279 907 neque
311 851 369 908 quo
405 851 435 892 se
462 834 630 910 reciperent,
661 853 756 911 neque
791 834 1041 912 quemadmodum
1069 831 1176 908 oppida

184 929 381 1003 defenderent,
407 930 560 990 habebant.
602 932 704 1009 Itaque
733 951 764 992 se
797 951 905 1008 suaque
933 931 1033 990 omnia
1060 929 1176 989 Caesari

185 1027 363 1092 dediderunt.
405 1027 441 1086 In
456 1046 530 1104 quos
544 1047 581 1088 eo
595 1031 709 1106 gravius
724 1029 833 1089 Caesar
846 1029 1052 1088 vindicandum
1072 1026 1175 1096 statuit,

185 1143 244 1203 quo
259 1125 422 1201 diligentius
439 1127 469 1183 in
482 1127 624 1204 reliquum
637 1138 753 1204 tempus
772 1147 790 1187 a
806 1128 934 1187 barbaris
955 1127 1000 1185 ius
1017 1126 1177 1202 legatorum

143 1240 173 1276 10
184 1233 406 1284 conservaretur.
447 1224 549 1302 Itaque
583 1227 665 1286 omni
696 1235 798 1285 senatu
829 1235 933 1284 necato
966 1225 1093 1302 reliquos
1125 1224 1177 1282 sub

184 1341 294 1382 corona
307 1322 443 1381 vendidit.

225 1426 272 1481 17.
294 1419 374 1483 Dum
394 1419 467 1479 haec
488 1421 518 1479 in
538 1421 658 1481 Venetis
679 1432 825 1498 geruntur,
843 1421 881 1495 Q.
904 1421 1033 1480 Titurius
1055 1419 1178 1479 Sabinus

186 1537 253 1578 cum
267 1519 301 1577 iis
315 1519 416 1594 copiis,
428 1537 500 1595 quas
514 1538 532 1578 a
546 1518 670 1578 Caesare
686 1530 844 1597 acceperat,
860 1521 890 1578 in
905 1520 978 1579 fines
988 1518 1179 1577 Venellorum

186 1616 321 1691 pervenit.
363 1614 420 1674 His
439 1626 571 1692 praeerat
588 1615 739 1676 Viridovix
760 1636 794 1676 ac
813 1635 959 1676 summam
973 1616 1085 1691 imperii
1099 1624 1180 1674 tene-

144 1733 171 1782 15
186 1715 235 1772 bat
259 1731 358 1770 earum
382 1715 513 1772 omnium
541 1715 694 1787 civitatum,
717 1733 792 1792 quae
816 1715 989 1785 defecerant,
1014 1732 1050 1772 ex
1075 1713 1180 1789 quibus

187 1811 344 1870 exercitum
358 1830 538 1888 magnasque
557 1813 658 1889 copias
672 1819 807 1890 co'e'gerat
814 1833 822 1886 ;
844 1822 931 1888 atque
945 1812 990 1870 his
1004 1811 1103 1887 paucis
1118 1811 1181 1870 die·
1236 1853 1238 1858 -

189 1909 241 1967 bus
264 1909 380 1968 Aulerci
406 1909 584 1968 Eburovices
612 1909 789 1988 Lexoviique
813 1919 916 1969 senatu
944 1927 997 1968 suo
1020 1908 1182 1979 interfecto,

186 2007 266 2083 quod
287 2017 417 2066 auctores
438 2007 504 2066 belli
525 2026 589 2066 esse
614 2008 759 2080 nolebant,
780 2020 880 2085 portas
905 2008 1067 2068 clauserunt
1090 2025 1183 2082 seque

187 2123 254 2164 curn
265 2104 428 2164 Viridovice
440 2105 667 2164 coniunxerunt:
685 2125 851 2182 magnaque
864 2114 1013 2182 praeterea
1026 2104 1184 2164 multitudo

144 2234 173 2268 20
186 2202 311 2279 undique
326 2222 362 2262 ex
374 2202 468 2262 Gallia
481 2203 659 2278 perditorum
673 2204 825 2262 hominum
839 2205 1041 2280 latronumque
1052 2220 1185 2261 conven-

186 2312 254 2370 erat,
269 2319 343 2376 quos
363 2319 430 2376 spes
444 2300 603 2378 praedandi
617 2301 801 2377 studiumque
815 2301 941 2360 bellandi
956 2301 993 2359 ab
1008 2299 1187 2376 agricultura

186 2409 216 2456 et
243 2399 389 2456 cotidiano
417 2398 516 2456 labore
543 2399 705 2456 revocabat.
756 2398 880 2456 Sabinus
907 2398 1015 2456 idoneo
1043 2397 1186 2456 omnibus

186 2497 272 2553 rebus
290 2495 357 2553 loco
377 2495 477 2553 castris
496 2513 560 2554 sese
581 2497 713 2568 tenebat3
735 2514 802 2553 cum
823 2495 972 2554 Viridovix
992 2504 1094 2552 contra
1112 2512 1187 2551 eum

187 2593 277 2650 duum
295 2591 405 2668 milium
425 2593 518 2666 spatio
538 2593 716 2651 consedisset
734 2593 897 2668 cotidieque
916 2591 1065 2668 productis
1087 2591 1185 2667 copiis

144 2719 173 2767 25
187 2673 337 2766 pugnandi
355 2697 528 2764 potestatem
546 2688 660 2760 faceret,
674 2698 706 2747 ut
724 2691 782 2747 iarn
804 2708 865 2748 non
886 2690 981 2748 solum
999 2689 1132 2747 hostibus
1151 2689 1188 2747 in

187 2786 435 2862 contemptionem
450 2786 574 2846 Sabinus
587 2789 703 2857 veniret,
715 2788 864 2846 sedetiam
878 2796 1044 2854 nostrorum
1058 2786 1189 2845 militum

187 2884 305 2942 vocibus
329 2883 461 2942 nonnihil
483 2895 645 2960 carperetur
652 2904 660 2956 ;
688 2894 855 2960 tantamque
880 2884 1048 2960 opinionem
1068 2884 1190 2942 timoris

187 2982 324 3059 praebuit,
340 2992 371 3040 ut
390 2982 449 3038 iarn
467 2982 505 3039 ad
518 2981 623 3039 vallum
643 2992 804 3041 castrorum
822 2982 920 3040 hostes
935 2981 1073 3040 accedere
1092 2981 1190 3040 aude-

187 3090 256 3137 rent
301 3079 390 3138 Idea
409 3079 446 3136 de
465 3097 552 3137 causa
567 3079 697 3150 faciebat,
712 3079 792 3155 quod
812 3097 879 3137 cum
898 3087 979 3136 tanta
999 3078 1191 3138 multitudine

143 3204 175 3252 30
187 3177 320 3246 hostium,
335 3157 503 3251 praesertim
518 3194 554 3234 eo
569 3177 696 3246 absente,
711 3178 760 3251 qui
776 3195 921 3234 summam
935 3176 1047 3251 imperii
1061 3185 1190 3246 teneret,

187 3275 242 3332 nisi
264 3291 358 3349 aequo
378 3273 445 3332 loco
466 3281 515 3330 aut
535 3273 750 3348 opportunitate
773 3273 868 3348 aliqua
891 3273 958 3330 data
977 3273 1073 3347 legato
1097 3272 1193 3331 dimi·

189 3372 314 3430 candum
346 3387 407 3427 non
439 3371 629 3445 existimabat,
670 3376 718 3428 18.
742 3370 808 3428 Hae
841 3370 1011 3428 confirmata
1040 3370 1195 3446 opinione

189 3469 299 3528 timoris
326 3467 463 3527 idoneum
491 3468 638 3546 quendam
670 3468 821 3526 hominem
848 3477 877 3526 et
904 3467 1039 3528 callidum
1067 3465 1195 3545 delegit,
