<?xml version="1.0" encoding="UTF-8"?>
<!DOCTYPE html PUBLIC "-//W3C//DTD XHTML 1.0 Transitional//EN"
    "http://www.w3.org/TR/xhtml1/DTD/xhtml1-transitional.dtd">
<html xmlns="http://www.w3.org/1999/xhtml" xml:lang="en" lang="en">
 <head>
  <title>
</title>
<meta http-equiv="Content-Type" content="text/html;charset=utf-8" />
  <meta name='ocr-system' content='tesseract 3.04.00' />
  <meta name='ocr-capabilities' content='ocr_page ocr_carea ocr_par ocr_line ocrx_word'/>
</head>
<body>
  <div class='ocr_page' id='page_1' title='image "./commentariescju01caesgoog_0140.png"; bbox 0 0 2634 3914; ppageno 0'>
   <div class='ocr_carea' id='block_1_1' title="bbox 139 245 1131 326">
    <p class='ocr_par' dir='ltr' id='par_1_1' title="bbox 139 245 1131 326">
     <span class='ocr_line' id='line_1_1' title="bbox 139 245 1131 326; baseline 0.003 -21"><span class='ocrx_word' id='word_1_1' title='bbox 139 245 280 326; x_wconf 85' lang='lat'>44-46.</span> <span class='ocrx_word' id='word_1_2' title='bbox 366 258 413 305; x_wconf 79' lang='lat' dir='ltr'><strong>nr</strong></span> <span class='ocrx_word' id='word_1_3' title='bbox 435 257 544 304; x_wconf 77' lang='lat' dir='ltr'><strong>annuo</strong></span> <span class='ocrx_word' id='word_1_4' title='bbox 568 257 718 306; x_wconf 77' lang='lat' dir='ltr'><strong>carrion</strong></span> <span class='ocrx_word' id='word_1_5' title='bbox 741 257 850 306; x_wconf 72' lang='lat' dir='ltr'><strong>donn.</strong></span> <span class='ocrx_word' id='word_1_6' title='bbox 877 257 908 308; x_wconf 81' lang='grc' dir='ltr'><strong>ν.</strong></span> <span class='ocrx_word' id='word_1_7' title='bbox 1075 255 1131 323; x_wconf 80' lang='lat'><strong>105</strong></span> 
     </span>
    </p>
   </div>
   <div class='ocr_carea' id='block_1_2' title="bbox 45 406 1181 3620">
    <p class='ocr_par' dir='ltr' id='par_1_2' title="bbox 45 406 1181 3620">
     <span class='ocr_line' id='line_1_2' title="bbox 140 406 1134 484; baseline -0.004 -16"><span class='ocrx_word' id='word_1_8' title='bbox 140 409 269 468; x_wconf 89' lang='lat' dir='ltr'><strong>animato</strong></span> <span class='ocrx_word' id='word_1_9' title='bbox 296 407 373 466; x_wconf 92' lang='lat' dir='ltr'><strong>hunc</strong></span> <span class='ocrx_word' id='word_1_10' title='bbox 405 407 493 466; x_wconf 92' lang='lat' dir='ltr'><strong>scutis</strong></span> <span class='ocrx_word' id='word_1_11' title='bbox 524 416 687 484; x_wconf 90' lang='lat' dir='ltr'><strong>protegunt,</strong></span> <span class='ocrx_word' id='word_1_12' title='bbox 715 407 746 466; x_wconf 91' lang='lat' dir='ltr'><strong>in</strong></span> <span class='ocrx_word' id='word_1_13' title='bbox 777 408 893 468; x_wconf 90' lang='lat' dir='ltr'><strong>hostem</strong></span> <span class='ocrx_word' id='word_1_14' title='bbox 923 407 980 467; x_wconf 92' lang='lat' dir='ltr'><strong>tela</strong></span> <span class='ocrx_word' id='word_1_15' title='bbox 1010 406 1134 464; x_wconf 88' lang='lat' dir='ltr'><strong>universi</strong></span> 
     </span>
     <span class='ocr_line' id='line_1_3' title="bbox 141 504 1135 581; baseline -0.004 -16"><span class='ocrx_word' id='word_1_16' title='bbox 141 507 288 565; x_wconf 89' lang='lat' dir='ltr'><strong>coniciunt</strong></span> <span class='ocrx_word' id='word_1_17' title='bbox 311 524 405 581; x_wconf 92' lang='lat' dir='ltr'><strong>neque</strong></span> <span class='ocrx_word' id='word_1_18' title='bbox 431 507 501 564; x_wconf 91' lang='lat' dir='ltr'><strong>dant</strong></span> <span class='ocrx_word' id='word_1_19' title='bbox 524 507 705 581; x_wconf 90' lang='lat' dir='ltr'><strong>regrediendi</strong></span> <span class='ocrx_word' id='word_1_20' title='bbox 726 506 899 566; x_wconf 85' lang='lat' dir='ltr'><strong>facultatem.</strong></span> <span class='ocrx_word' id='word_1_21' title='bbox 942 504 1135 580; x_wconf 88' lang='lat' dir='ltr'><strong>Transfigitur</strong></span> 
     </span>
     <span class='ocr_line' id='line_1_4' title="bbox 141 601 1135 681; baseline -0.002 -19"><span class='ocrx_word' id='word_1_22' title='bbox 141 614 256 662; x_wconf 90' lang='lat' dir='ltr'><strong>scutum</strong></span> <span class='ocrx_word' id='word_1_23' title='bbox 277 603 390 660; x_wconf 93' lang='lat' dir='ltr'><strong>Pulioni</strong></span> <span class='ocrx_word' id='word_1_24' title='bbox 409 613 437 662; x_wconf 92' lang='lat' dir='ltr'><strong>et</strong></span> <span class='ocrx_word' id='word_1_25' title='bbox 457 613 588 662; x_wconf 88' lang='lat' dir='ltr'><strong>vemtum</strong></span> <span class='ocrx_word' id='word_1_26' title='bbox 608 605 638 662; x_wconf 92' lang='lat' dir='ltr'><strong>in</strong></span> <span class='ocrx_word' id='word_1_27' title='bbox 659 605 755 663; x_wconf 89' lang='lat' dir='ltr'><strong>balteo</strong></span> <span class='ocrx_word' id='word_1_28' title='bbox 777 605 917 681; x_wconf 90' lang='lat' dir='ltr'><strong>defigitur.</strong></span> <span class='ocrx_word' id='word_1_29' title='bbox 959 603 1069 662; x_wconf 88' lang='lat' dir='ltr'><strong>Avertit</strong></span> <span class='ocrx_word' id='word_1_30' title='bbox 1088 601 1135 660; x_wconf 90' lang='lat' dir='ltr'><strong>hic</strong></span> 
     </span>
     <span class='ocr_line' id='line_1_5' title="bbox 141 702 1135 778; baseline -0.004 -18"><span class='ocrx_word' id='word_1_31' title='bbox 141 720 226 761; x_wconf 91' lang='lat' dir='ltr'><strong>casus</strong></span> <span class='ocrx_word' id='word_1_32' title='bbox 246 703 380 776; x_wconf 86' lang='lat' dir='ltr'>vaginam</span> <span class='ocrx_word' id='word_1_33' title='bbox 398 711 427 760; x_wconf 90' lang='lat' dir='ltr'><strong>et</strong></span> <span class='ocrx_word' id='word_1_34' title='bbox 443 702 573 778; x_wconf 81' lang='lat' dir='ltr'>gladium</span> <span class='ocrx_word' id='word_1_35' title='bbox 591 703 713 762; x_wconf 89' lang='lat' dir='ltr'><strong>educere</strong></span> <span class='ocrx_word' id='word_1_36' title='bbox 728 705 846 762; x_wconf 84' lang='lat' dir='ltr'><strong>conanti</strong></span> <span class='ocrx_word' id='word_1_37' title='bbox 863 704 993 762; x_wconf 83' lang='lat' dir='ltr'><strong>dextram</strong></span> <span class='ocrx_word' id='word_1_38' title='bbox 1007 710 1135 758; x_wconf 91' lang='lat' dir='ltr'><strong>moratur</strong></span> 
     </span>
     <span class='ocr_line' id='line_1_6' title="bbox 140 797 1161 878; baseline -0.006 -19"><span class='ocrx_word' id='word_1_39' title='bbox 140 819 269 870; x_wconf 88' lang='lat' dir='ltr'><strong>manum,</strong></span> <span class='ocrx_word' id='word_1_40' title='bbox 289 800 517 878; x_wconf 87' lang='lat' dir='ltr'><strong>impeditumque</strong></span> <span class='ocrx_word' id='word_1_41' title='bbox 538 801 636 860; x_wconf 91' lang='lat' dir='ltr'><strong>hostes</strong></span> <span class='ocrx_word' id='word_1_42' title='bbox 658 802 876 860; x_wconf 88' lang='lat' dir='ltr'><strong>circumsistunt.</strong></span> <span class='ocrx_word' id='word_1_43' title='bbox 919 799 1063 860; x_wconf 89' lang='lat' dir='ltr'><strong>Succurrit</strong></span> <span class='ocrx_word' id='word_1_44' title='bbox 1082 797 1161 869; x_wconf 82' lang='lat' dir='ltr'><strong>ini-5</strong></span> 
     </span>
     <span class='ocr_line' id='line_1_7' title="bbox 140 898 1133 958; baseline -0.002 -2"><span class='ocrx_word' id='word_1_45' title='bbox 140 900 233 957; x_wconf 89' lang='lat' dir='ltr'><strong>micus</strong></span> <span class='ocrx_word' id='word_1_46' title='bbox 267 899 306 956; x_wconf 93' lang='lat' dir='ltr'><strong>illi</strong></span> <span class='ocrx_word' id='word_1_47' title='bbox 337 898 472 958; x_wconf 91' lang='lat' dir='ltr'><strong>Vorenus</strong></span> <span class='ocrx_word' id='word_1_48' title='bbox 500 909 529 958; x_wconf 90' lang='lat' dir='ltr'><strong>et</strong></span> <span class='ocrx_word' id='word_1_49' title='bbox 559 899 701 958; x_wconf 86' lang='lat' dir='ltr'><strong>laboranti</strong></span> <span class='ocrx_word' id='word_1_50' title='bbox 732 900 870 958; x_wconf 85' lang='lat' dir='ltr'><strong>subvenit</strong></span> <span class='ocrx_word' id='word_1_51' title='bbox 913 899 962 958; x_wconf 87' lang='lat' dir='ltr'><strong>Ad</strong></span> <span class='ocrx_word' id='word_1_52' title='bbox 992 898 1071 958; x_wconf 92' lang='lat' dir='ltr'><strong>hunc</strong></span> <span class='ocrx_word' id='word_1_53' title='bbox 1101 914 1133 954; x_wconf 91' lang='lat' dir='ltr'><strong>se</strong></span> 
     </span>
     <span class='ocr_line' id='line_1_8' title="bbox 141 996 1133 1056; baseline -0.004 -1"><span class='ocrx_word' id='word_1_54' title='bbox 141 996 294 1055; x_wconf 85' lang='lat' dir='ltr'><strong>confestim</strong></span> <span class='ocrx_word' id='word_1_55' title='bbox 312 1015 330 1054; x_wconf 90' lang='lat' dir='ltr'><strong>a</strong></span> <span class='ocrx_word' id='word_1_56' title='bbox 346 996 467 1056; x_wconf 93' lang='lat' dir='ltr'><strong>Pulione</strong></span> <span class='ocrx_word' id='word_1_57' title='bbox 481 997 577 1056; x_wconf 90' lang='lat' dir='ltr'><strong>omnis</strong></span> <span class='ocrx_word' id='word_1_58' title='bbox 594 997 747 1056; x_wconf 85' lang='lat' dir='ltr'><strong>multitudo</strong></span> <span class='ocrx_word' id='word_1_59' title='bbox 764 998 919 1056; x_wconf 92' lang='lat' dir='ltr'><strong>convertit:</strong></span> <span class='ocrx_word' id='word_1_60' title='bbox 940 997 1021 1054; x_wconf 91' lang='lat' dir='ltr'><strong>illum</strong></span> <span class='ocrx_word' id='word_1_61' title='bbox 1034 1003 1133 1052; x_wconf 88' lang='lat' dir='ltr'><strong>veruto</strong></span> 
     </span>
     <span class='ocr_line' id='line_1_9' title="bbox 140 1092 1133 1170; baseline -0.002 -18"><span class='ocrx_word' id='word_1_62' title='bbox 140 1095 312 1152; x_wconf 88' lang='lat' dir='ltr'><strong>arbitrantur</strong></span> <span class='ocrx_word' id='word_1_63' title='bbox 337 1094 475 1152; x_wconf 92' lang='lat' dir='ltr'><strong>occisum.</strong></span> <span class='ocrx_word' id='word_1_64' title='bbox 519 1093 623 1153; x_wconf 87' lang='lat' dir='ltr'><strong>Gladio</strong></span> <span class='ocrx_word' id='word_1_65' title='bbox 649 1095 812 1153; x_wconf 92' lang='lat' dir='ltr'><strong>comminus</strong></span> <span class='ocrx_word' id='word_1_66' title='bbox 836 1113 899 1152; x_wconf 88' lang='lat' dir='ltr'><strong>rem</strong></span> <span class='ocrx_word' id='word_1_67' title='bbox 922 1095 995 1170; x_wconf 88' lang='lat' dir='ltr'><strong>gerit</strong></span> <span class='ocrx_word' id='word_1_68' title='bbox 1018 1092 1133 1152; x_wconf 88' lang='lat' dir='ltr'><strong>Voren-</strong></span> 
     </span>
     <span class='ocr_line' id='line_1_10' title="bbox 140 1191 1133 1268; baseline -0.002 -18"><span class='ocrx_word' id='word_1_69' title='bbox 140 1210 177 1250; x_wconf 91' lang='lat' dir='ltr'><strong>us</strong></span> <span class='ocrx_word' id='word_1_70' title='bbox 204 1202 289 1268; x_wconf 89' lang='lat' dir='ltr'><strong>atque</strong></span> <span class='ocrx_word' id='word_1_71' title='bbox 316 1209 377 1250; x_wconf 92' lang='lat' dir='ltr'><strong>uno</strong></span> <span class='ocrx_word' id='word_1_72' title='bbox 404 1192 555 1251; x_wconf 90' lang='lat' dir='ltr'><strong>interfecto</strong></span> <span class='ocrx_word' id='word_1_73' title='bbox 583 1194 709 1268; x_wconf 92' lang='lat' dir='ltr'><strong>reliquos</strong></span> <span class='ocrx_word' id='word_1_74' title='bbox 735 1193 854 1268; x_wconf 93' lang='lat' dir='ltr'><strong>paulum</strong></span> <span class='ocrx_word' id='word_1_75' title='bbox 878 1191 1028 1268; x_wconf 91' lang='lat' dir='ltr'><strong>propellit;</strong></span> <span class='ocrx_word' id='word_1_76' title='bbox 1063 1191 1133 1248; x_wconf 92' lang='lat' dir='ltr'><strong>dum</strong></span> 
     </span>
     <span class='ocr_line' id='line_1_11' title="bbox 141 1287 1179 1366; baseline -0.007 -17"><span class='ocrx_word' id='word_1_77' title='bbox 141 1291 273 1366; x_wconf 91' lang='lat' dir='ltr'><strong>cupidius</strong></span> <span class='ocrx_word' id='word_1_78' title='bbox 288 1291 381 1360; x_wconf 88' lang='lat' dir='ltr'><strong>instat,</strong></span> <span class='ocrx_word' id='word_1_79' title='bbox 396 1290 538 1349; x_wconf 92' lang='lat' dir='ltr'><strong>inlocum</strong></span> <span class='ocrx_word' id='word_1_80' title='bbox 553 1291 680 1349; x_wconf 87' lang='lat' dir='ltr'><strong>deiectus</strong></span> <span class='ocrx_word' id='word_1_81' title='bbox 697 1290 863 1348; x_wconf 90' lang='lat' dir='ltr'><strong>inferiorern</strong></span> <span class='ocrx_word' id='word_1_82' title='bbox 876 1289 1010 1348; x_wconf 91' lang='lat' dir='ltr'><strong>concidit.</strong></span> <span class='ocrx_word' id='word_1_83' title='bbox 1053 1287 1133 1346; x_wconf 91' lang='lat' dir='ltr'><strong>Huic</strong></span> <span class='ocrx_word' id='word_1_84' title='bbox 1148 1307 1179 1342; x_wconf 90' lang='lat'><strong>10</strong></span> 
     </span>
     <span class='ocr_line' id='line_1_12' title="bbox 140 1385 1133 1462; baseline -0.004 -16"><span class='ocrx_word' id='word_1_85' title='bbox 140 1405 239 1446; x_wconf 91' lang='lat' dir='ltr'><strong>rursus</strong></span> <span class='ocrx_word' id='word_1_86' title='bbox 264 1389 459 1447; x_wconf 89' lang='lat' dir='ltr'><strong>circumvento</strong></span> <span class='ocrx_word' id='word_1_87' title='bbox 484 1389 537 1447; x_wconf 89' lang='lat' dir='ltr'><strong>fert</strong></span> <span class='ocrx_word' id='word_1_88' title='bbox 561 1389 721 1448; x_wconf 90' lang='lat' dir='ltr'><strong>subsidium</strong></span> <span class='ocrx_word' id='word_1_89' title='bbox 745 1388 836 1459; x_wconf 89' lang='lat' dir='ltr'><strong>Puli0‚</strong></span> <span class='ocrx_word' id='word_1_90' title='bbox 862 1397 948 1462; x_wconf 88' lang='lat' dir='ltr'><strong>atque</strong></span> <span class='ocrx_word' id='word_1_91' title='bbox 973 1387 1061 1444; x_wconf 90' lang='lat' dir='ltr'><strong>ambo</strong></span> <span class='ocrx_word' id='word_1_92' title='bbox 1089 1385 1133 1442; x_wconf 93' lang='lat' dir='ltr'><strong>in-</strong></span> 
     </span>
     <span class='ocr_line' id='line_1_13' title="bbox 141 1483 1133 1563; baseline -0.002 -19"><span class='ocrx_word' id='word_1_93' title='bbox 141 1486 271 1545; x_wconf 91' lang='lat' dir='ltr'><strong>columes</strong></span> <span class='ocrx_word' id='word_1_94' title='bbox 299 1487 495 1563; x_wconf 92' lang='lat' dir='ltr'><strong>compluribus</strong></span> <span class='ocrx_word' id='word_1_95' title='bbox 526 1487 683 1546; x_wconf 90' lang='lat' dir='ltr'><strong>interfectis</strong></span> <span class='ocrx_word' id='word_1_96' title='bbox 714 1504 829 1544; x_wconf 91' lang='lat' dir='ltr'><strong>summa</strong></span> <span class='ocrx_word' id='word_1_97' title='bbox 856 1503 924 1544; x_wconf 89' lang='lat' dir='ltr'><strong>cum</strong></span> <span class='ocrx_word' id='word_1_98' title='bbox 954 1483 1039 1542; x_wconf 92' lang='lat' dir='ltr'><strong>laude</strong></span> <span class='ocrx_word' id='word_1_99' title='bbox 1070 1501 1133 1542; x_wconf 90' lang='lat' dir='ltr'><strong>sese</strong></span> 
     </span>
     <span class='ocr_line' id='line_1_14' title="bbox 141 1583 1133 1660; baseline -0.001 -19"><span class='ocrx_word' id='word_1_100' title='bbox 141 1584 216 1641; x_wconf 90' lang='lat' dir='ltr'><strong>intra</strong></span> <span class='ocrx_word' id='word_1_101' title='bbox 239 1584 415 1642; x_wconf 90' lang='lat' dir='ltr'><strong>munitiones</strong></span> <span class='ocrx_word' id='word_1_102' title='bbox 438 1584 587 1660; x_wconf 88' lang='lat' dir='ltr'><strong>recipiunt.</strong></span> <span class='ocrx_word' id='word_1_103' title='bbox 632 1584 679 1643; x_wconf 90' lang='lat' dir='ltr'><strong>Sic</strong></span> <span class='ocrx_word' id='word_1_104' title='bbox 700 1583 815 1642; x_wconf 88' lang='lat' dir='ltr'><strong>fortuna</strong></span> <span class='ocrx_word' id='word_1_105' title='bbox 839 1583 870 1640; x_wconf 92' lang='lat' dir='ltr'><strong>in</strong></span> <span class='ocrx_word' id='word_1_106' title='bbox 894 1583 1080 1641; x_wconf 88' lang='lat' dir='ltr'><strong>contentione</strong></span> <span class='ocrx_word' id='word_1_107' title='bbox 1104 1591 1133 1640; x_wconf 90' lang='lat' dir='ltr'><strong>et</strong></span> 
     </span>
     <span class='ocr_line' id='line_1_15' title="bbox 141 1679 1133 1757; baseline -0.002 -17"><span class='ocrx_word' id='word_1_108' title='bbox 141 1683 298 1740; x_wconf 85' lang='lat' dir='ltr'><strong>certamine</strong></span> <span class='ocrx_word' id='word_1_109' title='bbox 316 1691 470 1757; x_wconf 90' lang='lat' dir='ltr'><strong>utrumque</strong></span> <span class='ocrx_word' id='word_1_110' title='bbox 488 1682 617 1753; x_wconf 80' lang='lat' dir='ltr'><strong>versavit,</strong></span> <span class='ocrx_word' id='word_1_111' title='bbox 637 1692 669 1740; x_wconf 93' lang='lat' dir='ltr'><strong>ut</strong></span> <span class='ocrx_word' id='word_1_112' title='bbox 689 1681 758 1740; x_wconf 90' lang='lat' dir='ltr'><strong>alter</strong></span> <span class='ocrx_word' id='word_1_113' title='bbox 779 1681 858 1739; x_wconf 90' lang='lat' dir='ltr'><strong>alteri</strong></span> <span class='ocrx_word' id='word_1_114' title='bbox 876 1681 1009 1739; x_wconf 90' lang='lat' dir='ltr'><strong>inimicus</strong></span> <span class='ocrx_word' id='word_1_115' title='bbox 1028 1679 1133 1738; x_wconf 82' lang='lat' dir='ltr'><strong>auxilio</strong></span> 
     </span>
     <span class='ocr_line' id='line_1_16' title="bbox 140 1778 1176 1855; baseline -0.007 -18"><span class='ocrx_word' id='word_1_116' title='bbox 140 1778 283 1854; x_wconf 89' lang='lat' dir='ltr'><strong>salutique</strong></span> <span class='ocrx_word' id='word_1_117' title='bbox 310 1789 386 1838; x_wconf 90' lang='lat' dir='ltr'><strong>esset</strong></span> <span class='ocrx_word' id='word_1_118' title='bbox 413 1797 508 1855; x_wconf 90' lang='lat' dir='ltr'><strong>neque</strong></span> <span class='ocrx_word' id='word_1_119' title='bbox 540 1779 689 1838; x_wconf 90' lang='lat' dir='ltr'><strong>diiudicari</strong></span> <span class='ocrx_word' id='word_1_120' title='bbox 715 1789 824 1855; x_wconf 85' lang='lat' dir='ltr'><strong>posset,</strong></span> <span class='ocrx_word' id='word_1_121' title='bbox 853 1789 916 1836; x_wconf 92' lang='lat' dir='ltr'><strong>uter</strong></span> <span class='ocrx_word' id='word_1_122' title='bbox 946 1778 1001 1836; x_wconf 92' lang='lat' dir='ltr'><strong>utri</strong></span> <span class='ocrx_word' id='word_1_123' title='bbox 1031 1778 1133 1836; x_wconf 89' lang='lat' dir='ltr'><strong>virtute</strong></span> <span class='ocrx_word' id='word_1_124' title='bbox 1148 1793 1176 1844; x_wconf 82' lang='lat'><strong>15</strong></span> 
     </span>
     <span class='ocr_line' id='line_1_17' title="bbox 141 1875 1134 1952; baseline 0 -18"><span class='ocrx_word' id='word_1_125' title='bbox 141 1876 345 1934; x_wconf 90' lang='lat' dir='ltr'><strong>anteferendus</strong></span> <span class='ocrx_word' id='word_1_126' title='bbox 369 1877 518 1935; x_wconf 91' lang='lat' dir='ltr'><strong>videretur.</strong></span> <span class='ocrx_word' id='word_1_127' title='bbox 559 1882 612 1935; x_wconf 84' lang='lat'><strong>45.</strong></span> <span class='ocrx_word' id='word_1_128' title='bbox 635 1875 754 1948; x_wconf 90' lang='lat' dir='ltr'><strong>Quanto</strong></span> <span class='ocrx_word' id='word_1_129' title='bbox 784 1886 844 1935; x_wconf 91' lang='lat' dir='ltr'><strong>erat</strong></span> <span class='ocrx_word' id='word_1_130' title='bbox 871 1877 902 1934; x_wconf 91' lang='lat' dir='ltr'><strong>in</strong></span> <span class='ocrx_word' id='word_1_131' title='bbox 930 1876 992 1936; x_wconf 87' lang='lat' dir='ltr'><strong>dies</strong></span> <span class='ocrx_word' id='word_1_132' title='bbox 1019 1877 1134 1952; x_wconf 90' lang='lat' dir='ltr'><strong>gravior</strong></span> 
     </span>
     <span class='ocr_line' id='line_1_18' title="bbox 138 1974 1133 2051; baseline 0.002 -20"><span class='ocrx_word' id='word_1_133' title='bbox 138 1984 227 2049; x_wconf 89' lang='lat' dir='ltr'><strong>atque</strong></span> <span class='ocrx_word' id='word_1_134' title='bbox 251 1974 380 2050; x_wconf 89' lang='lat' dir='ltr'><strong>asperior</strong></span> <span class='ocrx_word' id='word_1_135' title='bbox 403 1975 593 2050; x_wconf 84' lang='lat' dir='ltr'><strong>oppugnatio,</strong></span> <span class='ocrx_word' id='word_1_136' title='bbox 614 1985 643 2033; x_wconf 93' lang='lat' dir='ltr'><strong>et</strong></span> <span class='ocrx_word' id='word_1_137' title='bbox 667 1975 793 2033; x_wconf 87' lang='lat' dir='ltr'><strong>maxime</strong></span> <span class='ocrx_word' id='word_1_138' title='bbox 817 1974 897 2051; x_wconf 93' lang='lat' dir='ltr'><strong>quod</strong></span> <span class='ocrx_word' id='word_1_139' title='bbox 920 1993 1029 2050; x_wconf 88' lang='lat' dir='ltr'><strong>magna</strong></span> <span class='ocrx_word' id='word_1_140' title='bbox 1052 1984 1133 2051; x_wconf 92' lang='lat' dir='ltr'><strong>parte</strong></span> 
     </span>
     <span class='ocr_line' id='line_1_19' title="bbox 139 2071 1181 2147; baseline 0.001 -18"><span class='ocrx_word' id='word_1_141' title='bbox 139 2072 263 2130; x_wconf 89' lang='lat' dir='ltr'><strong>militum</strong></span> <span class='ocrx_word' id='word_1_142' title='bbox 284 2071 416 2130; x_wconf 87' lang='lat' dir='ltr'><strong>confecta</strong></span> <span class='ocrx_word' id='word_1_143' title='bbox 441 2071 602 2130; x_wconf 87' lang='lat' dir='ltr'><strong>vulneribus</strong></span> <span class='ocrx_word' id='word_1_144' title='bbox 626 2089 673 2130; x_wconf 89' lang='lat' dir='ltr'><strong>res</strong></span> <span class='ocrx_word' id='word_1_145' title='bbox 693 2072 731 2130; x_wconf 90' lang='lat' dir='ltr'><strong>ad</strong></span> <span class='ocrx_word' id='word_1_146' title='bbox 752 2073 926 2147; x_wconf 88' lang='lat' dir='ltr'><strong>paucitatem</strong></span> <span class='ocrx_word' id='word_1_147' title='bbox 947 2071 1133 2130; x_wconf 89' lang='lat' dir='ltr'><strong>defensorum</strong></span> <span class='ocrx_word' id='word_1_148' title='bbox 1178 2113 1181 2122; x_wconf 65' lang='lat'><strong>.</strong></span> 
     </span>
     <span class='ocr_line' id='line_1_20' title="bbox 139 2168 1132 2246; baseline 0.001 -19"><span class='ocrx_word' id='word_1_149' title='bbox 139 2180 317 2246; x_wconf 90' lang='lat' dir='ltr'><strong>pervenerat,</strong></span> <span class='ocrx_word' id='word_1_150' title='bbox 337 2179 418 2228; x_wconf 91' lang='lat' dir='ltr'><strong>tanto</strong></span> <span class='ocrx_word' id='word_1_151' title='bbox 439 2170 598 2228; x_wconf 90' lang='lat' dir='ltr'><strong>crebriores</strong></span> <span class='ocrx_word' id='word_1_152' title='bbox 619 2169 727 2228; x_wconf 88' lang='lat' dir='ltr'><strong>litterae</strong></span> <span class='ocrx_word' id='word_1_153' title='bbox 747 2171 897 2246; x_wconf 90' lang='lat' dir='ltr'><strong>nuntiique</strong></span> <span class='ocrx_word' id='word_1_154' title='bbox 919 2169 956 2228; x_wconf 90' lang='lat' dir='ltr'><strong>ad</strong></span> <span class='ocrx_word' id='word_1_155' title='bbox 976 2168 1132 2228; x_wconf 88' lang='lat' dir='ltr'><strong>Caesarem</strong></span> 
     </span>
     <span class='ocr_line' id='line_1_21' title="bbox 139 2268 1177 2344; baseline -0.006 -17"><span class='ocrx_word' id='word_1_156' title='bbox 139 2270 343 2340; x_wconf 87' lang='lat' dir='ltr'><strong>mittebantur;</strong></span> <span class='ocrx_word' id='word_1_157' title='bbox 375 2286 499 2344; x_wconf 91' lang='lat' dir='ltr'><strong>quorum</strong></span> <span class='ocrx_word' id='word_1_158' title='bbox 527 2286 595 2344; x_wconf 92' lang='lat' dir='ltr'><strong>pars</strong></span> <span class='ocrx_word' id='word_1_159' title='bbox 621 2268 803 2344; x_wconf 89' lang='lat' dir='ltr'><strong>deprehensa</strong></span> <span class='ocrx_word' id='word_1_160' title='bbox 826 2268 856 2325; x_wconf 93' lang='lat' dir='ltr'><strong>in</strong></span> <span class='ocrx_word' id='word_1_161' title='bbox 880 2278 1040 2343; x_wconf 89' lang='lat' dir='ltr'><strong>conspectu</strong></span> <span class='ocrx_word' id='word_1_162' title='bbox 1064 2287 1132 2328; x_wconf 94' lang='lat' dir='ltr'><strong>nos·</strong></span> <span class='ocrx_word' id='word_1_163' title='bbox 1146 2287 1177 2322; x_wconf 60' lang='grc' dir='ltr'><strong>ιο</strong></span> 
     </span>
     <span class='ocr_line' id='line_1_22' title="bbox 139 2360 1132 2428; baseline 0.003 -3"><span class='ocrx_word' id='word_1_164' title='bbox 139 2378 250 2426; x_wconf 90' lang='lat' dir='ltr'><strong>trorum</strong></span> <span class='ocrx_word' id='word_1_165' title='bbox 273 2367 395 2424; x_wconf 87' lang='lat' dir='ltr'><strong>militum</strong></span> <span class='ocrx_word' id='word_1_166' title='bbox 416 2385 483 2425; x_wconf 91' lang='lat' dir='ltr'><strong>cum</strong></span> <span class='ocrx_word' id='word_1_167' title='bbox 504 2360 632 2426; x_wconf 86' lang='lat' dir='ltr'><strong>cruciatu</strong></span> <span class='ocrx_word' id='word_1_168' title='bbox 656 2367 820 2424; x_wconf 89' lang='lat' dir='ltr'><strong>necabatur.</strong></span> <span class='ocrx_word' id='word_1_169' title='bbox 861 2364 932 2424; x_wconf 86' lang='lat' dir='ltr'><strong>Erat</strong></span> <span class='ocrx_word' id='word_1_170' title='bbox 955 2383 1031 2424; x_wconf 91' lang='lat' dir='ltr'><strong>unus</strong></span> <span class='ocrx_word' id='word_1_171' title='bbox 1055 2367 1132 2428; x_wconf 91' lang='lat' dir='ltr'><strong>intus</strong></span> 
     </span>
     <span class='ocr_line' id='line_1_23' title="bbox 140 2463 1133 2541; baseline 0.001 -19"><span class='ocrx_word' id='word_1_172' title='bbox 140 2463 264 2522; x_wconf 89' lang='lat' dir='ltr'><strong>Nervius</strong></span> <span class='ocrx_word' id='word_1_173' title='bbox 284 2465 402 2522; x_wconf 90' lang='lat' dir='ltr'><strong>nomine</strong></span> <span class='ocrx_word' id='word_1_174' title='bbox 423 2463 550 2533; x_wconf 88' lang='lat' dir='ltr'><strong>Vertico,</strong></span> <span class='ocrx_word' id='word_1_175' title='bbox 571 2465 637 2523; x_wconf 91' lang='lat' dir='ltr'><strong>loco</strong></span> <span class='ocrx_word' id='word_1_176' title='bbox 661 2473 746 2522; x_wconf 89' lang='lat' dir='ltr'><strong>natus</strong></span> <span class='ocrx_word' id='word_1_177' title='bbox 770 2464 903 2534; x_wconf 90' lang='lat' dir='ltr'><strong>honesto,</strong></span> <span class='ocrx_word' id='word_1_178' title='bbox 924 2464 974 2539; x_wconf 93' lang='lat' dir='ltr'><strong>qui</strong></span> <span class='ocrx_word' id='word_1_179' title='bbox 998 2482 1016 2522; x_wconf 92' lang='lat' dir='ltr'><strong>a</strong></span> <span class='ocrx_word' id='word_1_180' title='bbox 1040 2465 1133 2541; x_wconf 89' lang='lat' dir='ltr'><strong>prima</strong></span> 
     </span>
     <span class='ocr_line' id='line_1_24' title="bbox 139 2560 1133 2640; baseline 0 -20"><span class='ocrx_word' id='word_1_181' title='bbox 139 2562 293 2620; x_wconf 90' lang='lat' dir='ltr'><strong>obsidione</strong></span> <span class='ocrx_word' id='word_1_182' title='bbox 329 2561 367 2619; x_wconf 90' lang='lat' dir='ltr'><strong>ad</strong></span> <span class='ocrx_word' id='word_1_183' title='bbox 401 2560 574 2620; x_wconf 90' lang='lat' dir='ltr'><strong>Ciceronem</strong></span> <span class='ocrx_word' id='word_1_184' title='bbox 611 2561 776 2640; x_wconf 85' lang='lat' dir='ltr'><strong>perfugerat</strong></span> <span class='ocrx_word' id='word_1_185' title='bbox 810 2580 950 2637; x_wconf 89' lang='lat' dir='ltr'><strong>suamque</strong></span> <span class='ocrx_word' id='word_1_186' title='bbox 984 2562 1011 2620; x_wconf 91' lang='lat' dir='ltr'><strong>ei</strong></span> <span class='ocrx_word' id='word_1_187' title='bbox 1044 2563 1133 2622; x_wconf 87' lang='lat' dir='ltr'><strong>fidem</strong></span> 
     </span>
     <span class='ocr_line' id='line_1_25' title="bbox 139 2659 1133 2736; baseline 0.001 -19"><span class='ocrx_word' id='word_1_188' title='bbox 139 2660 326 2736; x_wconf 89' lang='lat' dir='ltr'><strong>praestiterat.</strong></span> <span class='ocrx_word' id='word_1_189' title='bbox 369 2659 428 2718; x_wconf 91' lang='lat' dir='ltr'><strong>Hic</strong></span> <span class='ocrx_word' id='word_1_190' title='bbox 453 2677 534 2716; x_wconf 89' lang='lat' dir='ltr'><strong>servo</strong></span> <span class='ocrx_word' id='word_1_191' title='bbox 556 2677 608 2735; x_wconf 91' lang='lat' dir='ltr'><strong>spe</strong></span> <span class='ocrx_word' id='word_1_192' title='bbox 628 2660 765 2717; x_wconf 87' lang='lat' dir='ltr'><strong>libertatis</strong></span> <span class='ocrx_word' id='word_1_193' title='bbox 786 2660 957 2735; x_wconf 83' lang='lat' dir='ltr'><strong>magnisque</strong></span> <span class='ocrx_word' id='word_1_194' title='bbox 978 2661 1133 2736; x_wconf 89' lang='lat' dir='ltr'><strong>persuadet</strong></span> 
     </span>
     <span class='ocr_line' id='line_1_26' title="bbox 138 2756 1175 2832; baseline 0.006 -19"><span class='ocrx_word' id='word_1_195' title='bbox 138 2757 283 2832; x_wconf 90' lang='lat' dir='ltr'><strong>praemiis,</strong></span> <span class='ocrx_word' id='word_1_196' title='bbox 298 2767 330 2815; x_wconf 90' lang='lat' dir='ltr'><strong>ut</strong></span> <span class='ocrx_word' id='word_1_197' title='bbox 343 2757 449 2815; x_wconf 90' lang='lat' dir='ltr'><strong>litteras</strong></span> <span class='ocrx_word' id='word_1_198' title='bbox 464 2757 501 2814; x_wconf 90' lang='lat' dir='ltr'><strong>ad</strong></span> <span class='ocrx_word' id='word_1_199' title='bbox 516 2756 673 2815; x_wconf 91' lang='lat' dir='ltr'><strong>Caesarem</strong></span> <span class='ocrx_word' id='word_1_200' title='bbox 687 2756 804 2816; x_wconf 89' lang='lat' dir='ltr'><strong>deferat.</strong></span> <span class='ocrx_word' id='word_1_201' title='bbox 847 2757 911 2816; x_wconf 90' lang='lat' dir='ltr'><strong>Has</strong></span> <span class='ocrx_word' id='word_1_202' title='bbox 928 2757 973 2816; x_wconf 90' lang='lat' dir='ltr'><strong>ille</strong></span> <span class='ocrx_word' id='word_1_203' title='bbox 991 2758 1022 2818; x_wconf 89' lang='lat' dir='ltr'><strong>in</strong></span> <span class='ocrx_word' id='word_1_204' title='bbox 1038 2759 1131 2818; x_wconf 89' lang='lat' dir='ltr'><strong>iaculo</strong></span> <span class='ocrx_word' id='word_1_205' title='bbox 1146 2782 1175 2832; x_wconf 82' lang='lat'><strong>25</strong></span> 
     </span>
     <span class='ocr_line' id='line_1_27' title="bbox 139 2853 1132 2931; baseline 0.003 -20"><span class='ocrx_word' id='word_1_206' title='bbox 139 2855 260 2930; x_wconf 88' lang='lat' dir='ltr'><strong>illigatas</strong></span> <span class='ocrx_word' id='word_1_207' title='bbox 275 2855 357 2912; x_wconf 82' lang='lat' dir='ltr'><strong>effert</strong></span> <span class='ocrx_word' id='word_1_208' title='bbox 371 2865 399 2912; x_wconf 87' lang='lat' dir='ltr'><strong>et</strong></span> <span class='ocrx_word' id='word_1_209' title='bbox 414 2854 515 2913; x_wconf 91' lang='lat' dir='ltr'><strong>Gallus</strong></span> <span class='ocrx_word' id='word_1_210' title='bbox 529 2856 602 2914; x_wconf 90' lang='lat' dir='ltr'><strong>inter</strong></span> <span class='ocrx_word' id='word_1_211' title='bbox 617 2853 718 2914; x_wconf 92' lang='lat' dir='ltr'><strong>Gallos</strong></span> <span class='ocrx_word' id='word_1_212' title='bbox 733 2855 795 2913; x_wconf 88' lang='lat' dir='ltr'><strong>sine</strong></span> <span class='ocrx_word' id='word_1_213' title='bbox 809 2855 868 2913; x_wconf 89' lang='lat' dir='ltr'><strong>ulla</strong></span> <span class='ocrx_word' id='word_1_214' title='bbox 887 2857 1052 2931; x_wconf 89' lang='lat' dir='ltr'><strong>suspicione</strong></span> <span class='ocrx_word' id='word_1_215' title='bbox 1071 2876 1132 2915; x_wconf 90' lang='lat' dir='ltr'><strong>ver-</strong></span> 
     </span>
     <span class='ocr_line' id='line_1_28' title="bbox 139 2951 1132 3029; baseline 0.004 -20"><span class='ocrx_word' id='word_1_216' title='bbox 139 2961 219 3010; x_wconf 91' lang='lat' dir='ltr'><strong>satus</strong></span> <span class='ocrx_word' id='word_1_217' title='bbox 236 2952 274 3010; x_wconf 93' lang='lat' dir='ltr'><strong>ad</strong></span> <span class='ocrx_word' id='word_1_218' title='bbox 288 2951 444 3010; x_wconf 90' lang='lat' dir='ltr'><strong>Caesarem</strong></span> <span class='ocrx_word' id='word_1_219' title='bbox 461 2953 597 3029; x_wconf 88' lang='lat' dir='ltr'><strong>pervenit.</strong></span> <span class='ocrx_word' id='word_1_220' title='bbox 640 2953 688 3010; x_wconf 93' lang='lat' dir='ltr'><strong>Ab</strong></span> <span class='ocrx_word' id='word_1_221' title='bbox 709 2970 746 3011; x_wconf 92' lang='lat' dir='ltr'><strong>eo</strong></span> <span class='ocrx_word' id='word_1_222' title='bbox 767 2952 803 3010; x_wconf 92' lang='lat' dir='ltr'><strong>de</strong></span> <span class='ocrx_word' id='word_1_223' title='bbox 824 2953 959 3028; x_wconf 91' lang='lat' dir='ltr'><strong>periculis</strong></span> <span class='ocrx_word' id='word_1_224' title='bbox 981 2952 1132 3013; x_wconf 87' lang='lat' dir='ltr'><strong>Ciceronis</strong></span> 
     </span>
     <span class='ocr_line' id='line_1_29' title="bbox 138 3049 1132 3126; baseline 0.004 -20"><span class='ocrx_word' id='word_1_225' title='bbox 138 3049 318 3126; x_wconf 92' lang='lat' dir='ltr'><strong>legionisque</strong></span> <span class='ocrx_word' id='word_1_226' title='bbox 342 3052 536 3126; x_wconf 90' lang='lat' dir='ltr'><strong>cognoscitur.</strong></span> <span class='ocrx_word' id='word_1_227' title='bbox 582 3055 635 3109; x_wconf 84' lang='lat'><strong>46.</strong></span> <span class='ocrx_word' id='word_1_228' title='bbox 658 3049 766 3108; x_wconf 88' lang='lat' dir='ltr'><strong>Caesar</strong></span> <span class='ocrx_word' id='word_1_229' title='bbox 787 3051 913 3126; x_wconf 90' lang='lat' dir='ltr'><strong>acceptis</strong></span> <span class='ocrx_word' id='word_1_230' title='bbox 937 3051 1036 3109; x_wconf 88' lang='lat' dir='ltr'><strong>litteris</strong></span> <span class='ocrx_word' id='word_1_231' title='bbox 1060 3050 1132 3110; x_wconf 89' lang='lat' dir='ltr'><strong>hora</strong></span> 
     </span>
     <span class='ocr_line' id='line_1_30' title="bbox 138 3147 1131 3208; baseline 0 0"><span class='ocrx_word' id='word_1_232' title='bbox 138 3149 249 3208; x_wconf 88' lang='lat' dir='ltr'><strong>circiter</strong></span> <span class='ocrx_word' id='word_1_233' title='bbox 265 3165 299 3206; x_wconf 84' lang='lat' dir='ltr'><strong>x1</strong></span> <span class='ocrx_word' id='word_1_234' title='bbox 317 3149 373 3206; x_wconf 89' lang='lat' dir='ltr'><strong>diei</strong></span> <span class='ocrx_word' id='word_1_235' title='bbox 390 3150 486 3207; x_wconf 87' lang='lat' dir='ltr'><strong>statim</strong></span> <span class='ocrx_word' id='word_1_236' title='bbox 503 3150 637 3208; x_wconf 90' lang='lat' dir='ltr'><strong>nuntium</strong></span> <span class='ocrx_word' id='word_1_237' title='bbox 654 3148 685 3206; x_wconf 90' lang='lat' dir='ltr'><strong>in</strong></span> <span class='ocrx_word' id='word_1_238' title='bbox 698 3147 869 3208; x_wconf 90' lang='lat' dir='ltr'><strong>Bellovacos</strong></span> <span class='ocrx_word' id='word_1_239' title='bbox 883 3149 921 3207; x_wconf 92' lang='lat' dir='ltr'><strong>ad</strong></span> <span class='ocrx_word' id='word_1_240' title='bbox 935 3149 977 3206; x_wconf 94' lang='lat' dir='ltr'><strong>M.</strong></span> <span class='ocrx_word' id='word_1_241' title='bbox 994 3147 1131 3208; x_wconf 90' lang='lat' dir='ltr'><strong>Crassum</strong></span> 
     </span>
     <span class='ocr_line' id='line_1_31' title="bbox 138 3246 1176 3322; baseline 0.001 -19"><span class='ocrx_word' id='word_1_242' title='bbox 138 3256 323 3322; x_wconf 88' lang='lat' dir='ltr'><strong>quaestorem</strong></span> <span class='ocrx_word' id='word_1_243' title='bbox 334 3246 426 3317; x_wconf 87' lang='lat' dir='ltr'><strong>mittit,</strong></span> <span class='ocrx_word' id='word_1_244' title='bbox 439 3247 520 3305; x_wconf 90' lang='lat' dir='ltr'><strong>cuius</strong></span> <span class='ocrx_word' id='word_1_245' title='bbox 534 3247 656 3306; x_wconf 88' lang='lat' dir='ltr'><strong>hiberna</strong></span> <span class='ocrx_word' id='word_1_246' title='bbox 670 3248 790 3304; x_wconf 90' lang='lat' dir='ltr'><strong>aberant</strong></span> <span class='ocrx_word' id='word_1_247' title='bbox 801 3249 885 3306; x_wconf 89' lang='lat' dir='ltr'><strong>abeo</strong></span> <span class='ocrx_word' id='word_1_248' title='bbox 899 3247 978 3304; x_wconf 89' lang='lat' dir='ltr'><strong>milia</strong></span> <span class='ocrx_word' id='word_1_249' title='bbox 991 3265 1131 3322; x_wconf 91' lang='lat' dir='ltr'><strong>passuum</strong></span> <span class='ocrx_word' id='word_1_250' title='bbox 1145 3269 1176 3318; x_wconf 81' lang='lat'><strong>30</strong></span> 
     </span>
     <span class='ocr_line' id='line_1_32' title="bbox 137 3344 1132 3421; baseline 0.002 -19"><span class='ocrx_word' id='word_1_251' title='bbox 137 3361 220 3415; x_wconf 81' lang='lat' dir='ltr'>xxv3</span> <span class='ocrx_word' id='word_1_252' title='bbox 241 3344 319 3402; x_wconf 91' lang='lat' dir='ltr'><strong>iubet</strong></span> <span class='ocrx_word' id='word_1_253' title='bbox 338 3344 434 3402; x_wconf 88' lang='lat' dir='ltr'><strong>media</strong></span> <span class='ocrx_word' id='word_1_254' title='bbox 452 3354 538 3403; x_wconf 91' lang='lat' dir='ltr'><strong>nocte</strong></span> <span class='ocrx_word' id='word_1_255' title='bbox 559 3345 704 3420; x_wconf 91' lang='lat' dir='ltr'><strong>legionem</strong></span> <span class='ocrx_word' id='word_1_256' title='bbox 724 3344 869 3420; x_wconf 87' lang='lat' dir='ltr'><strong>proficisci</strong></span> <span class='ocrx_word' id='word_1_257' title='bbox 888 3344 1074 3421; x_wconf 90' lang='lat' dir='ltr'><strong>celeriterque</strong></span> <span class='ocrx_word' id='word_1_258' title='bbox 1095 3345 1132 3404; x_wconf 95' lang='lat' dir='ltr'><strong>ad</strong></span> 
     </span>
     <span class='ocr_line' id='line_1_33' title="bbox 138 3441 1132 3510; baseline 0.002 -8"><span class='ocrx_word' id='word_1_259' title='bbox 138 3462 171 3502; x_wconf 88' lang='lat' dir='ltr'><strong>se</strong></span> <span class='ocrx_word' id='word_1_260' title='bbox 192 3443 298 3500; x_wconf 89' lang='lat' dir='ltr'><strong>venire.</strong></span> <span class='ocrx_word' id='word_1_261' title='bbox 340 3441 408 3499; x_wconf 83' lang='lat' dir='ltr'><strong>Exit</strong></span> <span class='ocrx_word' id='word_1_262' title='bbox 429 3461 496 3502; x_wconf 88' lang='lat' dir='ltr'><strong>cum</strong></span> <span class='ocrx_word' id='word_1_263' title='bbox 518 3444 620 3500; x_wconf 91' lang='lat' dir='ltr'><strong>nuntio</strong></span> <span class='ocrx_word' id='word_1_264' title='bbox 642 3443 772 3501; x_wconf 91' lang='lat' dir='ltr'><strong>Crassus.</strong></span> <span class='ocrx_word' id='word_1_265' title='bbox 813 3443 945 3501; x_wconf 91' lang='lat' dir='ltr'><strong>Alterum</strong></span> <span class='ocrx_word' id='word_1_266' title='bbox 966 3443 1132 3510; x_wconf 86' lang='lat' dir='ltr'><strong>adGaium</strong></span> 
     </span>
     <span class='ocr_line' id='line_1_34' title="bbox 45 3540 1131 3620; baseline 0.003 -19"><span class='ocrx_word' id='word_1_267' title='bbox 45 3551 60 3601; x_wconf 74' lang='lat' dir='ltr'><strong>t</strong></span> <span class='ocrx_word' id='word_1_268' title='bbox 137 3540 260 3600; x_wconf 89' lang='lat' dir='ltr'><strong>Fabium</strong></span> <span class='ocrx_word' id='word_1_269' title='bbox 287 3540 416 3614; x_wconf 85' lang='lat' dir='ltr'><strong>legatum</strong></span> <span class='ocrx_word' id='word_1_270' title='bbox 443 3540 536 3612; x_wconf 88' lang='lat' dir='ltr'><strong>mittit,</strong></span> <span class='ocrx_word' id='word_1_271' title='bbox 565 3551 596 3598; x_wconf 92' lang='lat' dir='ltr'><strong>ut</strong></span> <span class='ocrx_word' id='word_1_272' title='bbox 627 3542 657 3598; x_wconf 93' lang='lat' dir='ltr'><strong>in</strong></span> <span class='ocrx_word' id='word_1_273' title='bbox 685 3541 857 3600; x_wconf 88' lang='lat' dir='ltr'><strong>Atrebatum</strong></span> <span class='ocrx_word' id='word_1_274' title='bbox 885 3543 957 3602; x_wconf 91' lang='lat' dir='ltr'><strong>fines</strong></span> <span class='ocrx_word' id='word_1_275' title='bbox 985 3543 1131 3620; x_wconf 93' lang='lat' dir='ltr'><strong>legionem</strong></span> 
     </span>
    </p>
   </div>
   <div class='ocr_carea' id='block_1_3' title="bbox 0 0 1322 3914">
    <p class='ocr_par' dir='ltr' id='par_1_3' title="bbox 0 0 1322 3914">
     <span class='ocr_line' id='line_1_35' title="bbox 0 0 1322 3914; baseline 0 0"><span class='ocrx_word' id='word_1_276' title='bbox 0 0 1322 3914; x_wconf 95' lang='lat' dir='ltr'><strong> </strong></span> 
     </span>
    </p>
   </div>
  </div>
 </body>
</html>
