2634 3914
195 237 255 286 102
516 235 543 284 0.
567 236 584 284 I
586 233 660 282 ULII
682 232 853 282 CAESARIS
1148 225 1181 274 V.

190 383 330 443 liberandi
347 393 432 460 atque
449 383 606 443 ulciscendi
625 383 776 442 Romanos
793 399 847 458 pro
865 381 908 452 iis,
923 397 995 457 quas
1012 377 1182 453 acceperint,

191 481 300 540 iniuriis
320 483 507 540 occasionem
529 482 691 540 dimittant:
712 479 878 538 interfectos
899 496 963 536 esse
980 477 1091 551 legatos
1110 474 1182 532 duos

191 597 387 656 magnamque
413 590 526 656 partem
554 580 695 638 exercitus
723 578 853 636 interisse
884 576 1078 642 demonstrat;
1113 570 1183 628 nihil

192 695 256 736 esse
273 678 382 753 negotii
399 678 493 736 subito
509 695 680 752 oppressam
696 675 850 751 legionem,
865 691 940 750 quae
959 688 1026 730 curn
1042 669 1182 729 Cicerone

164 790 178 838 5
192 773 306 846 hiemet,
318 775 436 834 interfici
447 795 455 848 ;
475 794 506 834 se
517 775 554 833 ad
565 793 630 832 eam
643 793 705 832 rem
715 773 865 849 profitetur
879 771 1047 830 adiutorem.
1088 765 1183 825 Facile

191 873 246 930 hac
257 873 388 932 oratione
400 873 513 932 Nerviis
524 873 686 948 persuadet.
710 878 770 930 ¹39.
781 871 884 946 Itaque
895 867 1049 927 confestim
1060 864 1183 924 dimissis

191 971 299 1028 nuntiis
322 970 360 1028 ad
384 969 553 1040 Ceutrones
576 968 712 1040 Gmdios,
734 967 874 1037 Levacos,
899 965 1094 1035 Pleumoxios,
1116 961 1184 1022 Gel-

192 1068 326 1138 dumn0s‚
340 1069 390 1143 qui
404 1085 506 1126 omnes
525 1069 580 1126 sub
595 1085 696 1131 eorum
713 1066 834 1141 imperio
852 1074 927 1134 sunt,
942 1081 1030 1140 quam
1044 1061 1184 1120 maximas

192 1183 296 1224 manus
314 1175 437 1242 possunt
454 1176 563 1240 cogunt
571 1174 606 1224 et
620 1165 656 1223 de
673 1165 831 1240 improviso
845 1163 882 1221 ad
897 1161 1047 1220 Ciceronis
1065 1160 1186 1218 hiberna

151 1294 181 1330 10
192 1264 335 1334 advolant,
357 1263 489 1322 nondum
514 1263 551 1322 ad
576 1282 643 1322 eum
663 1263 741 1320 fama
765 1262 801 1320 de
828 1261 930 1320 Titurii
950 1269 1043 1318 morte
1067 1258 1184 1334 perlata.

192 1361 271 1420 Huic
289 1379 407 1438 quoque
426 1361 539 1433 accidit,
554 1361 706 1437 quodfuit
724 1378 853 1430 necesse,
872 1367 904 1416 ut
923 1357 1054 1415 nonnulli
1072 1355 1185 1422 milites,

192 1461 241 1536 qui
265 1459 431 1534 lignationis
456 1458 682 1534 munitionisque
703 1475 790 1516 causa
814 1459 845 1514 in
869 1457 953 1515 silvas
978 1454 1184 1522 discessissent,

191 1557 343 1631 repentino
375 1555 505 1632 equitum
537 1556 662 1613 adventu
688 1555 935 1630 interciperentur.
977 1553 1034 1612 His
1065 1553 1186 1610 circum·

192 1654 284 1712 ventis
298 1671 406 1728 magna
420 1671 510 1711 manu
523 1652 686 1723 Eburones,
702 1651 809 1725 Nervii,
823 1651 968 1711 Aduatuci
982 1662 1067 1728 atque
1081 1649 1186 1706 horum

151 1781 179 1830 15
193 1751 324 1808 omniurn
356 1751 427 1809 socii
456 1759 484 1810 et
511 1751 630 1810 clientes
661 1751 807 1828 legionem
835 1769 1005 1826 oppugnare
1036 1747 1184 1824 incipiunt.

193 1849 293 1908 Nostri
320 1849 447 1908 celeriter
475 1849 513 1908 ad
537 1867 618 1907 arma
636 1859 823 1921 concurrunt,
848 1849 954 1906 vallum
978 1846 1185 1906 conscendunt.

192 1947 288 2021 Aegre
315 1947 339 2004 is
367 1945 428 2004 dies
456 1955 638 2018 sustentatur,
664 1946 745 2022 quod
772 1964 891 2005 ornnem
920 1963 1002 2022 spem
1029 1943 1128 2003 hostes
1155 1943 1187 2000 in

192 2043 334 2101 celeritate
348 2045 498 2119 ponebant
509 2054 596 2120 atque
610 2043 686 2102 hanc
698 2043 794 2118 adepti
809 2045 957 2102 victoriam
971 2044 1188 2118 inperpetuum

192 2160 223 2200 se
244 2141 305 2199 fore
329 2142 451 2200 victores
472 2141 666 2200 confidebant.
707 2146 763 2199 40.
785 2141 938 2199 Mittuntur
965 2141 1004 2199 ad
1031 2139 1188 2199 Caesarem

119 2275 124 2281 ,
148 2272 180 2306 20
193 2237 344 2297 confestim
368 2239 405 2296 ab
431 2236 573 2297 Cicerone
597 2237 706 2295 litterae
731 2238 845 2314 magnis
866 2237 1022 2313 propositis
1042 2236 1186 2312 praemiiS,

193 2337 216 2394 si
240 2336 441 2411 pertulissent:
470 2335 598 2394 obsessis
619 2336 755 2394 omnibus
780 2336 831 2394 viis
856 2335 937 2394 missi
960 2335 1187 2410 intercipiuntur.

192 2433 291 2490 Noctu
311 2452 348 2491 ex
372 2433 499 2504 materia,
521 2451 609 2509 quam
629 2433 796 2490 munitionis
818 2451 906 2492 causa
926 2441 1187 2508 comportaverant,

192 2545 284 2592 turres
305 2533 464 2592 admodum
486 2548 547 2590 cxx
568 2533 727 2592 excitantur
748 2532 908 2591 incredibili
929 2531 1088 2602 celeritate;
1111 2547 1188 2606 quae

193 2632 294 2690 deesse
319 2631 400 2706 operi
424 2631 600 2702 videbantur,
623 2631 817 2707 perficiuntur.
860 2615 971 2688 Hostes
995 2638 1115 2704 postero
1140 2628 1188 2686 die

148 2756 178 2804 25
192 2730 283 2787 multo
310 2730 467 2788 maioribus
495 2730 603 2788 coactis
631 2729 722 2804 copiis
747 2738 840 2786 castra
867 2736 1050 2803 oppugnant,
1075 2725 1189 2784 fossam
1215 2768 1217 2772 -

192 2827 349 2902 complent.
391 2827 503 2884 Eadem
521 2827 640 2896 ratione,
661 2844 720 2900 qua
738 2825 837 2900 pridie,
858 2827 895 2883 ab
915 2825 1022 2884 nostris
1039 2824 1187 2882 resistitur.

192 2923 261 2982 Hoc
275 2925 353 2982 idern
371 2924 487 3000 reliquis
505 2923 642 2998 deinceps
655 2924 687 2980 fit
704 2924 812 2981 diebus.
856 2922 944 2980 Nulla
964 2940 1031 2998 pars
1052 2922 1189 2979 nocturni

191 3024 331 3098 temporis
356 3023 393 3081 ad
417 3016 547 3080 laborem
571 3021 779 3091 intermittitur;
805 3037 865 3076 non
890 3020 993 3095 aegris,
1018 3036 1080 3077 non
1104 3018 1189 3075 vuln-

180 3120 276 3178 eratis
307 3119 428 3178 facultas
460 3119 563 3193 quietis
599 3117 689 3175 datur.
742 3115 953 3193 Quaecumque
987 3117 1025 3175 ad
1059 3115 1189 3191 proximi

149 3241 180 3289 30
193 3218 248 3276 diei
267 3217 517 3293 oppugnationem
535 3233 609 3290 opus
631 3225 705 3286 sunt,
725 3226 814 3273 noctu
836 3223 1058 3290 comparantur;
1080 3213 1190 3270 multae

191 3326 341 3392 praeustae
364 3314 459 3383 sudes,
474 3331 598 3388 magnus
618 3313 770 3371 muralium
791 3313 916 3389 pilorum
936 3329 1074 3370 numerus
1093 3311 1189 3368 instit·

191 3414 283 3470 uitur:
313 3422 406 3469 turres
432 3410 660 3480 contabulantur,
681 3411 788 3486 pinnae
812 3411 974 3485 loricaeque
1000 3427 1036 3467 ex
1060 3407 1189 3466 cratibus

192 3519 363 3569 attexuntur.
405 3508 472 3587 Ipse
494 3508 606 3584 Cicer0‚
629 3527 696 3568 cum
721 3509 887 3568 tenuissima
912 3507 1073 3568 valetudine
1099 3515 1189 3581 esset,
