2634 3914
211 241 249 307 70
536 243 565 291 c.
588 243 681 290 ruurr
703 231 874 292 cassinis
1149 243 1191 288 1v.

209 382 319 458 proelio
333 381 505 442 lacesserent
518 392 554 454 et,
570 385 593 442 si
607 385 661 460 ipsi
675 383 888 456 lacesserentur,
903 383 1083 452 sustinerent,
1098 379 1193 456 quoad

209 481 270 555 ipse
294 497 361 538 cum
386 481 512 538 exercitu
534 482 653 558 propius
677 483 852 540 accessisset.
894 487 940 540 ta.
961 481 1000 540 At
1024 479 1122 538 hostes
1146 477 1193 536 ubi

208 579 333 653 primum
352 587 467 636 nostros
485 579 594 654 equites
613 589 833 654 conspexerunt,
848 593 972 656 quorum
990 586 1051 636 erat
1068 576 1193 652 quinque

209 676 318 732 milium
339 691 484 746 numerus,
499 693 565 734 cum
586 676 640 752 ipsi
660 693 721 735 non
741 677 864 752 amplius
883 677 1067 753 octingentos
1086 675 1194 750 equites

183 791 195 838 5
209 772 355 846 haberent,
371 775 450 849 quod
464 774 491 845 ii,
507 775 555 850 qui
569 773 762 833 frumentandi
776 791 863 833 causa
873 773 964 833 ierant
977 783 1056 832 trans
1070 773 1195 842 Mosam,

210 869 341 928 nondum
355 872 505 937 redierant,
520 871 588 930 nihil
602 873 766 931 timentibus
781 873 893 944 nostris,
906 872 986 948 quod
998 869 1085 947 legati
1096 881 1196 929 eorum

211 969 297 1044 paulo
317 979 383 1028 ante
401 988 419 1027 a
438 969 560 1028 Caesare
579 970 770 1030 discesserant
791 982 876 1048 atque
890 971 915 1030 is
933 971 994 1030 dies
1007 968 1123 1028 indutiis
1137 972 1197 1025 erat

211 1067 248 1124 eb
263 1065 307 1124 his
326 1067 437 1142 petitus,
459 1068 568 1143 impetu
582 1068 658 1126 facto
677 1067 805 1126 celeriter
818 1077 933 1127 nostros
946 1067 1179 1144 perturbaverunt
1186 1083 1195 1137 ;

210 1181 308 1222 rursus
327 1165 523 1224 resistentibus
544 1165 753 1225 consuetudine
773 1183 826 1224 sua
846 1167 883 1224 ad
903 1165 993 1242 pedes
1014 1163 1196 1233 desiluerunt,

170 1277 199 1313 ιο
211 1261 350 1320 subfossis
371 1262 452 1338 equis
473 1259 726 1339 compluribusque
747 1264 853 1322 nostris
881 1263 998 1322 deiectis
1019 1261 1145 1337 reliquos
1166 1259 1197 1316 in

210 1358 308 1433 fugam
321 1359 507 1418 coniecerunt
520 1369 606 1436 atque
620 1361 659 1418 fta
672 1361 834 1436 perterritos
854 1370 981 1436 egerunt,
996 1368 1027 1417 ut
1043 1375 1104 1416 non
1118 1358 1197 1434 prius

211 1456 279 1532 fuga
290 1457 465 1530 desisterent,
475 1475 562 1534 quam
572 1459 602 1516 in
613 1469 802 1534 conspectum
811 1460 932 1535 agminis
943 1459 1034 1517 nostri
1044 1458 1196 1517 venissent.

211 1554 247 1611 In
266 1572 302 1613 eo
321 1555 431 1630 proelio
449 1573 484 1613 ex
504 1557 645 1632 equitibus
664 1557 769 1614 nostris
789 1557 996 1615 interficiuntur
1016 1564 1149 1632 quattuor
1168 1563 1198 1612 et

211 1653 401 1727 septuaginta,
422 1651 453 1710 in
472 1653 516 1711 his
536 1653 578 1711 vir
598 1653 776 1725 fortissimus,
797 1655 865 1713 Piso
888 1655 1059 1730 Aquitanus,
1082 1652 1198 1729 amplis·

170 1768 198 1818 15
213 1751 287 1808 simo
301 1767 405 1825 genere
419 1759 511 1822 natus,
527 1752 607 1809 cuius
623 1769 693 1810 avus
707 1753 737 1810 in
754 1753 864 1810 civitate
878 1769 930 1810 sua
950 1767 1070 1826 regnum
1083 1751 1197 1810 obtinu-

212 1857 272 1905 erat
293 1847 402 1906 amicus
423 1849 459 1906 ab
481 1858 583 1906 senatu
603 1859 703 1907 nostro
731 1849 898 1926 appellatus
940 1850 999 1908 Hic
1027 1864 1093 1908 eum
1120 1848 1198 1906 fratri

212 1944 365 2003 intercluso
393 1946 430 2003 ab
457 1944 587 2004 hostibus
615 1947 751 2005 auxilium
778 1947 870 2019 ferret,
898 1947 977 2005 illum
1004 1965 1040 2004 ex
1070 1946 1198 2022 periculo

212 2043 322 2118 eripuit,
337 2043 399 2118 ipse
414 2059 489 2120 equo
503 2044 650 2102 vulnerato
665 2045 800 2115 deiectus,
816 2043 913 2120 quoad
927 2044 1029 2120 potuit,
1044 2042 1199 2101 fortissime

211 2141 324 2199 restitit:
347 2155 413 2199 cum
428 2143 636 2200 circumventus
654 2143 749 2200 multis
763 2142 924 2200 vulneribus
939 2143 1064 2218 acceptis
1079 2142 1199 2200 cecidis-

145 2240 199 2291 ἰο
211 2248 261 2309 set,
290 2249 374 2315 atque
407 2239 437 2298 id
469 2239 562 2310 frater,
591 2241 640 2316 qui
671 2241 730 2298 iam
761 2240 873 2316 proelio
900 2249 1069 2311 excesserat,
1097 2239 1200 2316 procul

211 2337 464 2408 animadvertisset,
480 2339 597 2396 incitato
612 2353 688 2414 equo
708 2355 739 2396 se
753 2339 883 2398 hostibus
898 2338 1000 2396 obtulit
1014 2347 1099 2414 atque
1112 2339 1200 2396 inter·

212 2433 302 2492 fectus
330 2444 381 2492 est.
423 2441 470 2494 13.
492 2434 561 2493 Ηοο
582 2435 659 2494 facto
683 2437 793 2512 proelio
814 2436 922 2496 Caesar
943 2453 1038 2512 neque
1062 2438 1120 2494 iam
1145 2438 1201 2495 sibi

212 2531 322 2605 legatos
337 2531 495 2590 audiendos
509 2551 603 2608 neque
617 2533 802 2592 condiciones
817 2534 998 2610 accipiendas
1011 2533 1202 2592 arbitrabatur

213 2629 249 2686 ab
264 2629 306 2700 iis,
321 2629 369 2704 qui
383 2645 435 2705 per
455 2629 554 2688 dolum
575 2639 661 2707 atque
678 2631 795 2689 insidias
809 2631 897 2707 petita
918 2647 990 2706 pace
1003 2631 1077 2688 ultro
1091 2631 1202 2689 bellum

170 2743 198 2791 ²5
212 2727 388 2784 intulissent:
411 2737 577 2804 exspectare
591 2745 666 2800 vero,
681 2728 751 2786 dum
765 2728 890 2786 hostium
908 2729 1010 2804 copiae
1027 2738 1203 2803 augerentur

212 2823 410 2900 equitatusque
429 2835 620 2896 reverteretur,
635 2843 764 2884 summae
786 2825 947 2884 dementiae
968 2834 1031 2883 esse
1044 2826 1216 2898 iudicabat,

212 2931 240 2978 et
269 2922 385 2996 cognita
413 2921 561 2982 Gallorum
588 2924 757 2995 infirmitate,
786 2933 926 2998 quantum
953 2923 1011 2980 iam
1038 2922 1117 2998 apud
1147 2942 1205 2982 eos

211 3019 310 3077 hostes
330 3037 390 3078 uno
411 3022 521 3097 proelio
542 3022 716 3080 auctoritatis
737 3031 833 3079 essent
861 3021 1015 3091 consecuti,
1038 3022 1204 3095 sentiebat;

213 3117 316 3190 quibus
335 3118 372 3175 ad
391 3119 510 3176 consilia
528 3119 668 3194 capienda
685 3119 756 3176 nihil
769 3119 852 3194 spatii
867 3119 996 3177 dandum
1010 3118 1206 3179 existimabat.

169 3231 201 3276 30
214 3213 270 3271 His
292 3215 451 3273 constitutis
474 3217 559 3274 rebus
583 3225 612 3274 et
636 3217 755 3275 consilio
780 3235 847 3275 cum
868 3216 971 3292 legatis
993 3225 1022 3274 et
1045 3227 1207 3292 quaestore

214 3313 435 3384 communicato,
449 3331 487 3370 ne
503 3331 590 3389 quem
610 3313 685 3372 diem
699 3333 815 3391 pugnae
834 3315 1076 3391 praetermitteret,
1091 3333 1209 3392 oppor-

214 3409 363 3467 tunissima
377 3428 421 3468 res
436 3411 547 3482 accidit,
562 3411 641 3487 quod
654 3413 792 3487 postridie
807 3413 868 3471 eius
882 3412 938 3470 diei
952 3431 1038 3471 mane
1053 3413 1160 3472 eadem
1175 3425 1211 3474 et

215 3505 333 3579 perfidia
360 3516 388 3564 et
418 3507 599 3566 simulatione
629 3510 673 3566 usi
701 3509 839 3569 Germani
868 3509 1031 3589 frequentes
1062 3511 1211 3572 omnibus
