2606 3934
128 237 263 305 20—23.
378 233 424 282 DE
444 233 553 281 BELLO
577 233 726 283 onttrco
749 229 858 283 coMM.
881 235 906 285 I.
1075 234 1113 300 13

59 403 62 412 ·
126 401 273 442 summum
297 382 398 460 iugum
422 383 530 444 montis
551 385 708 444 ascendere
728 384 823 457 iubet;
846 382 915 460 quid
937 381 981 442 sui
1001 379 1113 440 consilii

127 480 173 550 sit,
200 480 334 539 ostendit.
376 480 445 558 Ipse
473 481 510 540 de
537 493 639 558 quarta
666 483 763 558 vigilia
790 481 896 541 eodem
923 480 1032 549 itinere,
1055 494 1113 555 quo

127 577 225 636 hostes
247 578 347 650 ierant,
367 579 406 637 ad
428 596 480 638 eos
502 581 651 639 contendit
672 581 887 656 equitatumque
908 595 1027 637 omnem
1047 583 1114 633 ante

127 693 159 735 se
177 675 270 736 mittit.
311 676 343 736 P.
358 676 523 749 Considius,
546 679 595 754 qui
616 679 657 737 rei
674 679 803 736 militaris
822 677 1012 754 peritissimus
1025 674 1114 733 habe·

126 775 211 832 batur
231 785 259 833 et
279 774 309 833 in
327 775 455 834 exercitu
471 775 505 834 L.
522 776 616 835 Sullae
636 786 665 835 et
684 785 786 854 postea
800 777 830 834 in
844 774 886 833 M.
903 773 1000 833 Crassi
1013 771 1113 842 fuerat,
1128 792 1142 843 5

128 891 195 932 cum
226 873 457 950 exploratoribus
485 875 681 950 praemittitur.
738 880 788 934 22.
816 872 913 931 Prima
948 871 1021 942 luce,
1047 889 1114 928 cum

128 987 258 1028 summus
275 989 361 1030 mons
380 989 398 1030 a
415 971 545 1030 Labieno
565 981 717 1043 teneretur,
731 973 793 1048 ipse
815 972 852 1030 ab
868 970 996 1029 hostium
1015 968 1114 1028 castris

127 1085 189 1126 non
207 1068 322 1143 longius
339 1069 417 1127 mille
439 1078 467 1128 et
488 1069 654 1146 quingentis
674 1070 807 1146 passibus
828 1069 951 1138 abesset,
966 1085 1068 1143 neque,
1083 1075 1115 1124 ut

127 1175 230 1243 postea
248 1185 284 1224 ex
304 1168 422 1243 captivis
442 1169 591 1244 comperit,
608 1176 656 1226 aut
670 1168 761 1244 ipsius
776 1166 915 1224 adventus
930 1173 979 1223 aut
993 1163 1115 1222 Labieni

128 1267 261 1342 cognitus
285 1276 369 1337 esset,
394 1265 550 1326 Considius
578 1284 654 1342 equo
676 1265 805 1324 admisso
826 1263 864 1322 ad
891 1281 959 1322 eum
985 1261 1114 1332 accurrit,
1131 1283 1160 1318 ιο

128 1364 197 1422 dicit
218 1374 356 1435 montem,
376 1382 464 1440 quem
489 1383 507 1422 a
530 1363 661 1422 Labieno
684 1362 820 1438 occupari
840 1360 968 1430 voluerit,
985 1359 1022 1418 ab
1047 1359 1114 1418 hos·

127 1462 204 1519 tibus
227 1462 336 1519 teneri:
362 1462 392 1520 id
413 1480 444 1521 se
466 1479 484 1520 a
508 1460 625 1520 Gallicis
648 1462 734 1519 annis
757 1471 844 1536 atque
864 1458 1024 1534 insignibus
1045 1474 1115 1532 cog·

128 1559 251 1618 novisse.
293 1558 400 1618 Caesar
419 1577 485 1619 suas
505 1560 605 1636 copias
624 1559 654 1616 in
675 1559 841 1635 proximum
855 1557 958 1616 collem
973 1555 1115 1626 subducit,

128 1657 221 1714 aciem
241 1657 361 1716 instruit
403 1656 559 1728 Labienus,
580 1667 612 1715 ut
638 1666 700 1716 erat
727 1655 754 1715 ei
781 1663 969 1732 praeceptum
995 1669 1014 1711 a
1042 1651 1115 1712 Cae-

129 1771 201 1825 sare,
229 1773 267 1814 ne
294 1755 435 1832 proelium
464 1756 664 1827 committeret,
692 1754 747 1812 nisi
774 1754 863 1830 ipsius
891 1752 992 1830 copiae
1023 1770 1159 1830 prope15

128 1851 255 1912 hostium
276 1863 369 1912 castra
396 1854 474 1912 visae
501 1864 607 1924 essent,
627 1864 659 1913 ut
685 1852 814 1928 undique
841 1868 901 1910 uno
928 1861 1059 1930 tempore
1086 1853 1117 1910 in

128 1948 228 2008 hostes
249 1951 373 2026 impetus
397 1951 485 2021 fieret,
500 1961 599 2010 monte
624 1960 767 2026 occupato
790 1959 906 2008 nostros
930 1950 1117 2026 exspectabat

128 2046 296 2123 proelioque
317 2047 485 2108 abstinebat.
527 2047 621 2106 Multo
642 2047 767 2122 denique
785 2045 831 2104 die
850 2065 902 2122 per
921 2047 1116 2122 exploratores

130 2143 237 2204 Caesar
251 2146 386 2220 cognovit
400 2155 429 2203 et
442 2155 573 2204 montem
588 2166 605 2204 a
619 2147 678 2205 suis
696 2145 786 2204 teneri
800 2154 829 2203 et
850 2144 1001 2204 Helvetios
1023 2155 1116 2205 castra

128 2244 254 2302 movisse
269 2252 297 2300 et
312 2240 483 2319 Considium
497 2243 599 2300 timore
614 2242 804 2318 perterritum,
820 2243 899 2317 quod
916 2261 978 2301 non
991 2242 1115 2312 vidisset,
1130 2262 1160 2297 20

128 2357 182 2416 pro
199 2341 261 2399 viso
281 2339 335 2398 sibi
356 2340 544 2399 renuntiasse.
589 2339 635 2398 Eo
654 2340 701 2398 die
718 2356 778 2415 quo
798 2349 951 2398 consuerat
968 2340 1115 2399 intervallo

128 2437 227 2496 hostes
255 2440 381 2514 sequitur
408 2448 438 2498 et
464 2438 544 2497 milia
570 2457 710 2516 passuum
737 2437 791 2496 tria
817 2437 854 2495 ab
882 2454 982 2496 eorum
1016 2439 1116 2497 castris

129 2545 222 2596 castra
235 2535 326 2610 ponit.

169 2641 218 2694 23.
248 2633 387 2694 Postridie
409 2635 470 2694 eius
492 2635 555 2704 diei,
577 2635 658 2710 quod
678 2636 798 2695 omnino
819 2635 940 2695 biduum
961 2643 1114 2710 supererat,

129 2751 196 2792 cum
229 2733 365 2792 exercitui
402 2734 577 2792 frumentum
610 2735 703 2792 metiri
737 2743 891 2810 oporteret,
922 2741 951 2792 et
983 2733 1064 2809 quod
1098 2749 1158 2799 a25

129 2829 269 2902 Bibracte,
285 2831 395 2907 oppido
409 2831 580 2890 Aeduorum
599 2832 685 2908 longe
703 2834 833 2891 maximo
855 2842 883 2891 et
901 2832 1112 2908 copiosissimo,

129 2946 190 2986 non
203 2929 325 3004 amplius
339 2929 453 2988 milibus
467 2947 605 3006 passuum
627 2946 707 2987 xvrrr
726 2931 833 3001 aberat,
852 2930 893 2988 rei
912 2930 1114 2989 frumentariae

129 3026 363 3102 prospiciendum
400 3027 587 3085 existimavit:
618 3027 671 3085 iter
703 3029 740 3086 ab
776 3028 916 3086 Helvetiis
950 3029 1048 3086 avertit
1080 3044 1114 3085 ac

66 3177 70 3188 ‚
129 3121 263 3182 Bibracte
286 3125 326 3182 ire
348 3125 503 3184 contendit
548 3124 593 3182 Ea
614 3143 660 3183 res
687 3143 739 3201 per
766 3125 900 3201 fugitivos
928 3124 962 3185 L.
990 3125 1113 3195 Aemilii,

129 3220 292 3280 decurionis
309 3223 437 3298 equitum
457 3221 613 3292 Gallorum,
633 3222 763 3282 hostibus
784 3224 937 3282 nuntiatur.
980 3221 1112 3294 Helvetii,
1126 3254 1158 3301 30

129 3337 182 3378 seu
215 3321 294 3396 quod
330 3322 432 3380 timore
467 3322 630 3397 perterritos
663 3321 816 3380 Romanos
849 3321 996 3380 discedere
1026 3339 1044 3379 a
1082 3340 1113 3380 se

129 3417 335 3490 existimarent,
351 3437 386 3478 eo
404 3419 505 3496 magis,
521 3420 600 3495 quod
622 3420 712 3494 pridie
728 3419 922 3495 superioribus
939 3419 1011 3477 locis
1025 3437 1113 3478 occu·

128 3517 203 3592 patis
231 3516 372 3594 proelium
400 3534 460 3576 non
488 3518 708 3590 commisissent,
738 3519 797 3576 sive
825 3534 869 3589 e0,
892 3517 971 3593 quod
998 3536 1029 3577 re
1056 3517 1114 3574 fru-
