2634 3914
134 223 275 289 30-33.
363 218 409 266 ox
431 219 540 266 narro
564 219 713 268 oarrroo
737 221 845 270 coum.
874 222 904 272 ν.
1088 231 1128 296 99

134 368 237 438 noctis,
258 386 326 426 cum
347 386 400 428 sua
420 369 542 446 quisque
563 369 646 428 miles
670 371 911 447 circumspiceret,
933 371 1002 448 quid
1030 389 1130 432 secum

133 475 248 541 portare
269 475 376 542 posset,
398 467 468 542 quid
488 485 524 524 ex
545 468 736 526 instrumento
757 470 943 528 hibernorum
970 471 1130 548 relinquere

135 573 294 640 cogeretur.
336 563 445 624 Omnia
472 567 679 642 excogitantur,
708 585 797 643 quare
825 587 879 626 nec
911 569 973 627 sine
1001 570 1128 644 periculo

133 672 284 721 maneatur
303 671 332 720 et
345 664 485 738 languore
503 664 626 721 militum
646 674 675 722 et
687 665 788 740 vigiliis
803 666 962 742 periculum
982 678 1128 742 augeatur.

134 759 230 818 Prima
257 761 321 818 luce
349 761 389 819 sic
417 779 453 819 ex
482 762 581 820 castris
609 762 836 836 proficiscuntur,
861 773 893 821 ut
921 764 1025 840 quibus
1054 775 1156 833 esset5

133 876 304 938 persuasum
324 876 385 916 non
407 859 444 915 ab
465 858 561 930 hoste,
580 860 632 918 sed
657 861 695 918 ab
720 861 838 919 homine
860 863 1036 920 amicissimo
1057 863 1128 919 Am-

133 956 244 1032 biorige
271 957 423 1014 consilium
451 957 559 1026 datum,
588 957 759 1032 longissimo
792 959 909 1034 agmine
936 961 1128 1036 maximisque

133 1054 356 1130 impedimentis.
390 1061 441 1114 32.
462 1054 502 1112 At
516 1054 623 1124 hostes,
635 1064 826 1132 posteaquam
838 1074 873 1113 ex
885 1067 1028 1116 nocturno
1042 1057 1128 1116 frem-

133 1153 174 1209 itu
202 1153 361 1228 vigiliisque
390 1153 426 1210 de
453 1151 633 1228 profectione
661 1171 763 1210 eorum
792 1165 951 1223 senserunt,
980 1156 1127 1213 collocatis

132 1249 242 1308 insidiis
266 1250 402 1326 bipertito
425 1249 455 1306 in
480 1249 556 1308 silvis
581 1261 748 1325 opportuno
772 1260 858 1326 atque
881 1252 996 1310 occulto
1020 1253 1086 1310 loco
1110 1271 1172 1310 aro

133 1347 248 1406 milibus
280 1365 418 1424 passuum
451 1347 561 1405 circiter
594 1348 707 1406 duobus
738 1348 940 1408 Romanorum
971 1350 1126 1408 adventum

132 1447 347 1521 exspectabant,
372 1455 493 1504 etcum
517 1463 552 1504 se
573 1447 665 1504 maior
692 1465 758 1522 pars
784 1448 907 1522 agminis
934 1449 964 1506 in
988 1466 1126 1524 magnam

132 1545 292 1602 convallem
313 1544 483 1614 demisisset,
508 1561 544 1601 err
571 1554 692 1620 utraque
721 1555 801 1620 parte
829 1546 891 1604 eius
920 1546 1000 1604 vallis
1029 1547 1125 1604 subito

132 1659 163 1699 se
183 1641 370 1700 ostenderunt
390 1642 620 1717 novissimosque
642 1660 771 1718 premere
793 1651 821 1700 et
842 1643 955 1718 primos
974 1644 1125 1720 prohibere

131 1757 254 1798 ascensu
271 1750 356 1815 atque
375 1731 555 1816 iniquissimo
575 1741 679 1798 nostris
699 1741 765 1798 loco
785 1741 927 1816 proelium
946 1742 1124 1800 committere
1140 1757 1168 1806 15

132 1847 298 1913 coeperunt.
341 1843 391 1896 33.
414 1835 493 1894 Tum
512 1837 630 1896 demum
644 1838 781 1908 Titurius,
798 1839 847 1913 qui
865 1839 935 1896 nihil
949 1849 1015 1897 ante
1030 1840 1123 1915 provi-

132 1935 229 2004 disset,
249 1935 391 2010 trepidare
412 1944 440 1992 et
459 1952 632 1993 concursare
652 1935 846 2011 cohortesque
868 1936 1031 2012 disponere,
1052 1938 1123 1996 haee

131 2044 228 2091 tamen
242 2034 305 2110 ipsa
319 2033 417 2090 timide
437 2043 524 2108 atque
543 2042 574 2090 ut
595 2050 663 2090 eum
682 2034 781 2092 omnia
801 2035 924 2093 deficere
944 2035 1122 2107 viderentur;

131 2131 211 2206 quod
228 2131 402 2207 plerumque
416 2131 450 2188 iis
468 2129 599 2188 accidere
619 2132 777 2202 consuevit,
797 2133 846 2206 qui
868 2133 898 2188 in
918 2133 990 2208 ipso-
1003 2136 1123 2210 negotio

131 2229 283 2286 consilium
305 2245 408 2304 capere
430 2237 579 2302 coguntur.
624 2229 664 2286 At
685 2227 780 2299 Cotta,
803 2229 852 2304 qui
874 2231 1031 2304 cogitasset
1052 2231 1123 2291 haec
1138 2252 1169 2285 ιο

130 2344 219 2402 posse
238 2327 268 2384 in
287 2326 384 2384 itinere
404 2325 534 2384 accidere
554 2335 639 2401 atque
657 2327 696 2384 ob
715 2344 780 2384 eam
798 2343 917 2385 causam
936 2327 1123 2403 profectionis

131 2435 231 2482 auctor
258 2442 320 2482 non
340 2423 448 2494 fuisset,
471 2425 550 2482 nulla
577 2424 607 2482 in
635 2443 665 2482 re
687 2423 837 2482 communi
860 2426 943 2483 saluti
972 2427 1070 2486 deerat
1091 2439 1120 2486 et

130 2523 161 2580 in
188 2521 370 2597 appellandis
388 2521 633 2596 cohortandisque
661 2521 803 2580 militibus·
826 2523 1008 2597 imperatoris
1036 2537 1066 2582 et
1092 2527 1123 2583 in

130 2638 231 2696 pugna
247 2619 342 2677 militis
359 2619 453 2676 officia
471 2620 641 2694 praestabat.
683 2617 759 2676 Cum
776 2630 894 2695 propter
913 2621 1123 2696 longitudinem

131 2718 255 2792 agminis
278 2717 374 2774 minus
396 2716 478 2774 facile
500 2717 599 2774 omnia
619 2735 671 2792 per
695 2735 726 2774 se
748 2719 827 2775 obire
852 2729 889 2790 et,
911 2720 980 2794 quid
1005 2739 1122 2798 quoque
1139 2744 1166 2792 rr,

130 2815 198 2872 loco
229 2814 393 2873 laciendum
424 2823 508 2884 esset,
540 2815 691 2890 providere
722 2825 849 2890 possent,
878 2817 1024 2877 iusserunt
1056 2839 1122 2896 pro-

130 2913 271 2983 nuntiare,
302 2921 334 2970 ut
367 2913 576 2988 impedimenta
610 2912 804 2988 relinquerent
835 2923 924 2988 atque
957 2916 986 2972 in
1021 2920 1123 2975 orbem

131 3011 334 3070 consisterent.
372 3009 462 3082 Quod
490 3011 642 3068 consilium
670 3011 723 3068 etsi
751 3011 782 3068 in
810 3011 952 3070 eiusmodi
981 3032 1051 3072 casu
1078 3033 1122 3073 re·

130 3109 371 3186 prehendendum
396 3127 456 3166 non
484 3117 536 3178 est,
560 3119 661 3167 tamen
685 3109 872 3168 incommode
900 3111 1020 3171 accidit:
1054 3131 1122 3171 nam

131 3217 161 3265 et
191 3207 296 3264 nostris
327 3206 463 3264 militibus
495 3224 577 3282 spem
608 3207 711 3264 minuit
739 3216 767 3265 et
798 3207 896 3266 hostes
925 3209 962 3266 ad
993 3228 1122 3286 pugnam
1137 3234 1168 3281 30

130 3303 283 3362 alacriores
302 3303 405 3374 effecit,
421 3304 501 3380 quod
520 3321 581 3362 non
601 3303 662 3361 sine
683 3322 798 3362 summo
818 3305 921 3364 timore
941 3315 969 3364 et
988 3306 1122 3384 despera·

130 3402 211 3458 tione
241 3400 271 3458 id
298 3399 405 3458 lactum
437 3401 591 3459 videbatur.
634 3400 784 3460 Praeterea
815 3403 926 3476 accidit,
955 3406 1034 3481 quod
1062 3406 1123 3466 lieri

130 3515 252 3556 necesse
276 3507 344 3570 erat,
368 3507 401 3556 ut
423 3499 510 3574 volgo
534 3498 643 3556 milites
662 3499 698 3556 ab
723 3500 813 3575 signis
839 3501 1026 3574 discederent,
1048 3523 1123 3581 quae

600 3611 654 3653 ua
