2634 3914
193 205 234 281 76
513 221 540 269 o.
563 221 658 268 roan
679 219 850 270 cassinis
1136 223 1181 268 rr.

193 367 331 443 sectisque
346 366 494 427 distribuit.
536 368 605 428 Huc
624 369 801 428 accedebant
820 385 900 428 xvrn
919 367 1065 442 onerariae
1083 385 1180 439 naves,

194 483 267 540 quae
287 483 322 524 ex
341 484 376 524 eo
396 466 462 524 loco
480 468 517 525 ab
535 467 649 526 milibus
663 486 801 543 passuum
817 475 885 525 octo
902 476 988 525 vento
1003 468 1181 537 tenebantur,

194 579 252 637 quo
266 563 361 621 minus
375 564 405 620 in
420 564 544 622 eundem
558 574 673 640 portum
692 565 787 622 venire
806 572 940 639 possent:
969 563 1022 622 has
1040 565 1182 640 equitibus

194 660 341 719 distribuit.
383 660 539 737 Reliquum
559 663 714 720 exercitum
728 661 765 733 Q.
781 661 894 720 Titurio
913 660 1020 720 Sabino
1035 672 1063 720 et
1076 662 1109 721 L.
1121 662 1182 720 Au·

167 757 342 830 5runculeio
366 757 467 817 Cottae
492 759 593 834 legatis
616 760 646 816 in
671 759 827 834 Menapios
851 769 937 834 atque
959 759 988 817 in
1013 777 1065 819 eos
1089 777 1182 836 pagos

194 853 386 926 Morinorum,
399 857 435 914 ab
446 857 549 932 quibus
561 857 597 914 ad
612 875 679 914 eum
693 856 778 933 legati
789 874 849 914 non
860 867 1005 929 venerant,
1016 857 1182 916 ducendum

195 952 274 1009 dedit
281 971 289 1024 ;
312 951 343 1010 P.
356 952 513 1029 Sulpicium
532 953 642 1012 Rufum
662 954 789 1030 legatum
803 971 870 1012 cum
884 971 920 1012 eo
934 954 1087 1030 praesidio,
1102 955 1183 1032 quod

195 1050 263 1108 satis
282 1068 346 1109 esse
365 1051 558 1122 arbitrabatur,
575 1061 691 1127 portum
710 1061 807 1110 tenere
828 1052 917 1111 iussit.
959 1059 1011 1112 23.
1033 1052 1089 1112 His
1110 1071 1182 1112 con-

195 1150 296 1207 stitutis
313 1149 398 1207 rebus
420 1159 521 1208 nactus
541 1149 678 1208 idoneam
699 1151 737 1208 ad
757 1151 952 1226 navigandum
980 1160 1183 1228 tempestatem

154 1275 183 1310 ιο
195 1247 276 1304 tertia
303 1247 361 1306 fere
389 1248 483 1323 vigilia
511 1249 593 1306 solvit
620 1250 788 1324 equitesque
814 1249 846 1306 in
875 1249 1039 1307 ulteriorem
1066 1261 1183 1326 portum

194 1345 327 1420 progredi
343 1355 371 1403 et
385 1363 471 1404 naves
492 1347 687 1404 conscendere
706 1355 785 1404 etse
804 1346 885 1422 sequi
904 1347 993 1405 iussit.
1034 1347 1063 1406 A
1077 1348 1182 1424 quibus

195 1461 261 1500 curn
275 1443 362 1518 paulo
376 1443 483 1502 tardius
498 1453 573 1502 esset
589 1444 825 1516 administratum,
840 1445 901 1520 ipse
916 1444 988 1504 hora
1002 1444 1112 1504 circiter
1126 1445 1183 1504 diei

195 1550 296 1616 quarta
316 1559 382 1598 cum
403 1541 502 1616 primis
522 1542 641 1599 navibus
662 1539 839 1600 Britanniam
860 1543 952 1618 attigit
976 1552 1061 1619 atque
1085 1543 1125 1601 ibi
1151 1544 1183 1600 in

196 1638 331 1695 omnibus
346 1638 466 1696 collibus
480 1639 626 1714 expositas
640 1639 766 1697 hostium
777 1641 877 1716 copias
888 1650 1012 1700 armatas
1023 1642 1182 1717 conspexit.

154 1759 183 1809 15
197 1732 286 1792 Cuius
300 1734 356 1792 loci
369 1735 441 1794 haec
456 1747 515 1796 erat
529 1748 637 1808 natura,
649 1748 734 1813 atque
748 1739 787 1796 ita
800 1739 947 1796 montibus
961 1739 1090 1814 angustis
1104 1755 1183 1794 mare

198 1832 405 1904 continebatur,
422 1835 463 1892 uti
487 1853 523 1892 ex
548 1836 618 1894 locis
642 1837 836 1911 superioribus
857 1836 886 1893 in
910 1836 975 1894 litus
996 1836 1084 1893 telum
1106 1835 1183 1909 adigi

197 1939 305 2006 posset.
347 1930 436 1990 Hunc
455 1933 492 1991 ad
512 1933 718 2008 egrediendum
737 1950 921 2010 nequaquam
935 1933 1072 1991 idoneum
1086 1931 1184 1990 locum

197 2028 355 2099 arbitratus,
378 2029 447 2087 dum
475 2030 601 2106 reliquae
627 2049 715 2088 naves
740 2048 776 2089 eo
804 2031 998 2101 convenirent,
1020 2030 1057 2088 ad
1081 2029 1184 2088 horam

197 2142 307 2183 nonam
325 2125 355 2183 in
376 2128 490 2186 ancoris
513 2129 694 2204 exspectavit.
737 2128 856 2186 Interim
879 2128 980 2202 legatis
1007 2113 1184 2203 tribunisque

153 2253 185 2288 20
198 2221 317 2279 militum
335 2226 502 2283 convocatis
522 2238 550 2284 et
569 2245 642 2302 quae
661 2245 698 2285 ex
715 2225 866 2284 Voluseno
885 2235 1050 2300 cognosset,
1065 2234 1093 2283 et
1109 2242 1184 2300 quae

198 2319 257 2377 fieri
271 2321 363 2393 vellet,
377 2323 504 2380 ostendit
522 2324 699 2398 monuitque,
713 2333 745 2381 ut
764 2323 803 2381 rei
818 2323 945 2381 militaris
962 2323 1044 2393 ratio,
1058 2323 1184 2380 maxime

197 2426 229 2473 ut
242 2417 400 2476 maritimae
411 2437 456 2477 res
471 2420 656 2495 postularent,
666 2429 698 2477 ut
709 2439 782 2497 quae
794 2421 915 2479 celerem
926 2430 1011 2495 atque
1022 2419 1185 2477 instabilem

138 2581 143 2590 ¹
198 2523 311 2571 motum
331 2513 476 2588 haberent,
491 2516 528 2574 ad
548 2527 650 2575 nutum
671 2527 699 2576 et
720 2519 758 2576 ad
776 2527 890 2593 tempus
908 2535 1010 2576 omnes
1029 2535 1075 2575 res
1095 2518 1131 2575 ab
1150 2517 1186 2575 iis

199 2613 470 2672 administrarentur.
511 2615 567 2674 His
592 2616 716 2676 dimissis
742 2626 770 2675 et
797 2626 914 2674 ventum
931 2625 967 2674 .et
991 2625 1102 2674 aestum
1124 2632 1186 2672 uno

154 2737 185 2786 25
198 2720 329 2785 ternpore
353 2721 453 2769 nactus
478 2714 637 2772 secundum
666 2714 735 2772 dato
758 2715 844 2788 signo
870 2723 899 2771 et
926 2713 1044 2772 sublatis
1071 2714 1186 2771 ancoris

199 2809 310 2866 circiter
323 2808 400 2866 milia
414 2827 551 2884 passuum
563 2822 675 2887 septem
689 2812 726 2868 ab
737 2829 773 2869 eo
782 2810 848 2869 loco
857 2829 1026 2887 progressus
1040 2819 1142 2886 aperto
1152 2829 1188 2868 ac

199 2906 287 2981 plano
309 2905 390 2964 litore
412 2925 500 2965 naves
525 2909 678 2966 constitnit.
720 2914 773 2968 24.
794 2909 834 2966 At
854 2909 968 2966 barbari
989 2909 1109 2967 consilio
1124 2909 1188 2984 Ro-

199 3021 352 3062 manorum
380 3005 499 3080 cognito
528 3007 687 3080 praemisso
720 3006 847 3080 equitatu
876 3015 905 3063 et
939 3005 1098 3077 essedariis,
1127 3025 1189 3082 quo

199 3101 368 3177 plerumque
386 3119 493 3176 genere
515 3102 545 3159 in
563 3102 677 3178 proeliis
698 3104 739 3160 uti
759 3111 942 3175 consuerunt,
961 3104 1076 3179 reliquis
1095 3105 1190 3179 copiis

157 3227 188 3274 30
201 3199 344 3256 subsecuti
363 3207 478 3257 nostros
499 3201 617 3257 navibus
636 3201 733 3276 egredi
752 3201 953 3276 prohibebant.
994 3202 1063 3260 Erat
1080 3203 1119 3259 ob
1134 3202 1190 3261 has

201 3313 303 3353 causas
322 3313 436 3354 summa
455 3297 611 3369 difficultas,
627 3298 706 3374 quod
724 3317 812 3356 naves
826 3308 943 3376 propter
956 3299 1189 3375 magnitudinem

202 3393 256 3449 nisi
283 3394 313 3450 in
334 3393 391 3450 alto
412 3396 545 3452 constitui
566 3413 626 3453 non
646 3405 787 3471 poterant,
808 3396 942 3454 militibus
963 3407 1059 3455 autem
1080 3397 1189 3472 ignotis

202 3487 281 3561 locis,
306 3489 451 3566 impeditis
475 3492 615 3562 manibus,
640 3511 750 3569 magno
775 3503 803 3552 et
826 3493 905 3568 gravi
928 3511 1016 3553 onere
1039 3512 1189 3552 armorum
