2652 3928
183 218 247 278 204
588 214 624 266 A.
647 217 710 264 HIR
716 215 767 264 TII
1100 217 1172 264 v111.

225 369 277 423 46.
299 362 344 423 Ea
374 383 405 425 re
438 363 555 442 cognita
583 364 691 425 Caesar
723 381 789 424 cum
821 361 852 423 in
882 362 1017 424 omnibus
1043 361 1172 438 partibus

185 460 297 521 Galliae
329 464 483 522 hencres
515 463 577 539 geri
609 463 717 522 videret
751 462 946 538 iudicaretque
979 460 1172 536 superioribus

185 559 297 618 aestivis
326 560 451 620 Galliam
483 559 624 618 devictam
652 561 859 636 subactamque
886 577 959 632 esse,
987 557 1172 634 Aquitaniam

184 675 344 732 numquam
380 657 494 727 adisset,
528 675 580 732 per
615 655 647 716 P.
682 657 819 717 Crassum
856 658 983 734 quadam
1017 674 1054 714 ex
1091 663 1172 731 parte

154 753 342 826 5devicisset‚
367 773 434 814 cum
459 755 572 814 duabus
595 755 758 832 legionibus
783 757 813 816 in
837 774 903 816 eam
926 765 1037 832 partem
1062 752 1173 812 Galliae

183 861 227 910 est
254 852 409 928 profectus,
433 863 464 912 ut
491 854 531 912 ibi
555 865 716 914 extremum
739 865 855 931 tempus
883 837 1071 914 consumeret
1089 849 1173 908 aesti-

184 968 293 1008 vorum.
336 950 434 1022 Quam
458 972 520 1012 rem
541 954 623 1013 sicuti
644 964 739 1013 cetera
759 953 887 1012 celeriter
906 951 1081 1026 feliciterque
1102 965 1173 1006 con·

183 1031 257 1105 lecit
313 1047 449 1126 Namque
483 1069 587 1110 omnes
621 1050 794 1128 Aquitaniae
829 1049 954 1108 civitates
989 1047 1100 1122 legatos
1134 1045 1173 1103 ad

185 1144 338 1203 Caesarem
359 1147 497 1206 miserunt
519 1149 693 1225 obsidesque
715 1149 742 1208 ei
764 1148 912 1207 dederunt.
955 1143 1068 1216 Quibus
1087 1145 1173 1202 rebus

139 1254 170 1290 10
183 1244 272 1320 gestis
305 1244 367 1324 ipse
399 1248 529 1322 equitum
562 1248 706 1324 praesidio
738 1245 909 1304 Narbonem
944 1243 1090 1321 profectus
1120 1251 1172 1312 cst,

184 1343 340 1402 exercitum
355 1363 407 1421 per
420 1345 533 1422 legatos
552 1345 582 1403 in
600 1345 721 1402 hiberna
735 1343 870 1402 deduxit:
893 1352 1029 1418 quattuor
1042 1341 1173 1416 legiones

183 1440 213 1498 in
240 1440 342 1516 Belgio
367 1442 516 1500 collocavit
538 1461 606 1501 cum
634 1442 676 1500 M.
700 1441 830 1500 Antonio
858 1449 886 1499 et
914 1438 947 1498 C.
973 1438 1122 1496 Trebonio
1144 1446 1173 1494 et

184 1537 215 1596 P.
230 1535 348 1596 Vatinio
362 1539 472 1612 legatis,
488 1540 559 1598 duas
573 1541 704 1616 legiones
723 1541 752 1598 in
767 1538 886 1597 Aeduos
906 1537 1033 1607 deduxit,
1048 1553 1173 1612 quorum

184 1634 214 1691 in
241 1636 322 1692 omni
350 1635 444 1694 Gallia
471 1655 615 1696 summam
642 1656 706 1698 esse
734 1637 933 1695 auctoritatem
961 1635 1078 1704 sciebat,
1100 1633 1172 1690 duas

139 1743 167 1792 15
184 1733 213 1789 in
237 1733 364 1792 Turonis
386 1735 423 1792 ad
445 1735 517 1794 fines
541 1734 700 1794 Carnutum
725 1735 830 1811 posuit,
856 1751 929 1810 quae
952 1751 1070 1791 omnem
1094 1732 1172 1789 illam

131 1853 136 1864 ·
182 1831 332 1906 regionem
363 1831 544 1891 coniunctam
578 1831 698 1892 Oceano
729 1833 918 1902 continerent,
947 1829 1020 1890 duas
1049 1830 1172 1906 reliquas

94 1994 96 2000 ¹
183 1929 213 1985 in
236 1928 424 1988 Lemovicum
444 1930 548 1989 finibus
571 1948 631 1988 non
654 1931 741 2006 longe
760 1931 797 1988 ab
815 1929 959 2000 Arvernis,
974 1946 1011 1988 ne
1030 1946 1087 2006 qua
1105 1946 1172 2004 pars

185 2025 295 2085 Galliae
328 2045 418 2086 vacua
447 2029 484 2086 ab
517 2028 644 2086 exercitu
675 2037 759 2086 esset.
802 2025 915 2086 Paucos
952 2026 1014 2084 dies
1049 2027 1110 2102 ipse
1142 2026 1173 2084 in

183 2124 331 2200 provincia
354 2135 492 2197 moratus,
518 2143 585 2184 curn
609 2125 737 2184 celeriter
761 2143 865 2184 omnes
890 2134 1048 2184 conventus
1071 2143 1173 2200 percu·

137 2245 168 2280 20
183 2222 325 2293 currisset,
358 2223 488 2299 publicas
520 2223 728 2282 controversias
761 2232 926 2299 cognosset,
957 2224 1033 2282 bene
1065 2222 1172 2280 meritis

183 2320 312 2396 praemia
333 2321 477 2379 tribuisset
500 2318 709 2400 (cognoscendi
731 2322 808 2379 enirn
831 2321 987 2378 maximam
1009 2320 1173 2378 facultatem

183 2418 317 2488 habebat,
350 2419 429 2494 quali
461 2420 583 2495 quisque
615 2419 716 2478 fuisset
748 2420 847 2476 animo
879 2419 909 2475 in
941 2418 1029 2476 totius
1062 2416 1173 2476 Galliae

185 2515 355 2586 defectione,
381 2533 471 2591 quarn
499 2517 671 2576 sustinuerat
694 2515 830 2574 fidelitate
856 2525 941 2591 atque
969 2515 1079 2574 auxiliis
1106 2532 1173 2590 pro-

183 2613 293 2670 vinciae
318 2611 415 2691 illius),
438 2613 482 2670 his
504 2613 643 2672 confectis
666 2615 752 2673 rebus
775 2614 812 2672 ad
834 2613 964 2690 legiones
987 2614 1017 2672 in
1042 2612 1173 2688 Belgium

138 2739 167 2788 25
184 2727 215 2768 se
243 2710 345 2785 recipit
372 2710 561 2786 hibernatque
590 2711 833 2771 Nemetocennae.
876 2716 928 2772 47.
950 2710 996 2768 Ibi
1024 2711 1174 2786 cognoscit

185 2807 352 2866 Commium
371 2808 540 2867 Atrebatem
559 2810 668 2884 proelio
682 2826 751 2870 cum
764 2809 893 2886 equitatu
911 2825 965 2867 suo
980 2808 1173 2866 contendisse.

184 2906 262 2964 Nam
287 2925 353 2964 cum
379 2907 524 2965 Antonius
552 2907 582 2964 in
609 2905 727 2965 hiberna
754 2908 887 2977 venisset,
912 2905 1068 2983 civitasque
1091 2906 1175 2964 Atre·

183 3005 283 3062 batum
302 3005 332 3062 in
351 3006 447 3064 officio
466 3014 551 3075 esset,
572 3003 731 3075 Commius
752 3006 801 3081 qui
821 3015 888 3080 post
906 3004 984 3063 illam
1003 3005 1174 3063 vulneratio-

184 3121 261 3173 nem,
281 3121 369 3179 quam
392 3121 479 3178 supra
501 3103 734 3172 commemoravi,
755 3120 871 3177 semper
893 3103 930 3161 ad
951 3119 1054 3160 omnes
1076 3113 1175 3162 motus

139 3222 171 3270 30
184 3211 299 3276 paratus
336 3201 394 3260 suis
426 3201 535 3259 civibus
571 3217 635 3257 esse
671 3209 847 3270 consuesset,
879 3217 916 3258 ne
952 3199 1072 3258 consilia
1106 3201 1176 3258 belli

185 3301 388 3375 quaerentibus
411 3309 511 3356 auctor
533 3314 683 3355 armorum*
699 3298 815 3375 duxque
839 3298 959 3369 deesset,
975 3309 1093 3374 parente
1113 3298 1175 3358 Ro-

184 3399 278 3455 manis
306 3397 417 3454 civitate
445 3413 512 3453 cum
540 3395 598 3454 suis
626 3395 769 3472 equitibus
800 3396 957 3456 latrociniis
988 3413 1019 3454 se
1048 3415 1175 3472 suosque

185 3494 279 3550 alebat
314 3492 480 3568 infestisque
517 3491 664 3551 itineribus
700 3503 879 3554 commeatus
915 3493 1087 3568 complures,
1124 3495 1176 3569 qui

185 3589 439 3664 comportabantur
481 3588 511 3645 in
557 3588 676 3648 hiberna
721 3589 931 3663 Romanorum,
967 3589 1174 3667 intercipiebat.
