2634 3914
154 225 291 294 35-37.
393 224 439 271 DE
461 225 574 273 anuto
599 226 749 275 GALLICO
772 226 881 276 coMM.
909 226 955 278 vl.
1087 230 1143 298 131
1231 265 1233 273 ,

154 377 205 430 36.
228 369 339 443 Cicero,
375 373 425 448 qui
460 392 512 450 per
546 392 650 434 omnes
685 375 847 452 superiores
885 375 946 434 dies
984 376 1147 452 praeceptis

154 468 287 528 Caesaris
321 486 388 527 cum
422 487 537 532 summa
570 473 718 549 diligentia
745 475 850 534 milites
882 475 913 532 in
946 475 1044 532 castris
1077 491 1147 532 con-

153 568 285 627 tinuisset
310 587 344 627 ac
369 587 406 627 ne
432 571 563 628 calonem
593 573 709 648 quidem
734 591 911 650 quemquam
938 583 1019 631 extra
1042 572 1147 630 munit-

153 669 252 724 ionem
271 667 368 742 egredi
382 685 485 745 passus
503 681 587 743 esset,
607 671 734 747 septimo
753 671 799 729 die
814 671 946 730 diffidens
968 671 1004 729 de
1023 687 1144 728 numero

154 765 265 822 dierum
294 763 449 824 Caesarem
477 767 566 826 fidem
600 779 785 839 servaturum,
820 769 899 845 quod
931 769 1046 844 longius
1078 783 1174 844 pro-5

154 881 284 938 gressum
304 864 437 922 audiebat
455 883 549 942 neque
568 867 626 924 ulla
640 867 677 925 de
690 867 783 924 reditu
798 867 859 925 eius
873 867 951 926 sama
965 866 1143 935 afferebatur,

155 960 239 1018 simul
260 979 360 1020 eorum
380 973 530 1038 permotus
550 965 678 1035 vocibus,
700 964 750 1041 qui
771 964 843 1023 illius
865 965 1033 1042 patientiam
1053 981 1147 1039 paene

155 1058 355 1116 obsessionem
382 1061 575 1137 appellabant,
603 1061 746 1138 siquidem
771 1079 806 1120 ex
831 1063 931 1122 castris
960 1061 1059 1138 egredi
1086 1076 1147 1118 non

153 1156 258 1226 liceret,
293 1156 403 1214 nullum
438 1158 581 1217 eiusmodi
612 1177 712 1218 casum
743 1169 923 1236 exspectans,
952 1177 1011 1237 quo
1041 1177 1147 1218 novem

155 1254 295 1330 oppositis
312 1254 474 1330 legionibus
493 1259 680 1335 maximoque
698 1259 826 1335 equitatu
844 1259 979 1335 dispersis
997 1277 1032 1318 ac
1053 1276 1146 1335 paene
1163 1275 1192 1309 10

155 1353 255 1410 deletis
278 1351 410 1412 hostibus
435 1354 465 1412 in
488 1355 603 1414 milibus
628 1374 767 1432 passuum
788 1356 878 1416 tribus
905 1356 1013 1415 offendi
1037 1367 1146 1433 posset,

156 1451 282 1526 quinque
306 1450 440 1510 cohortes
464 1452 669 1512 frumentatum
691 1454 721 1512 in
745 1454 891 1532 proximas
920 1463 1033 1530 segetes
1053 1455 1146 1524 mittit,

156 1565 228 1622 quas
252 1548 325 1606 inter
349 1558 378 1606 et
402 1561 495 1608 castra
518 1569 595 1609 unus
620 1552 741 1610 omnino
766 1552 847 1610 collis
872 1552 1015 1612 intererat.
1057 1550 1146 1610 Corn-

155 1646 251 1722 plures
269 1655 349 1704 erant
368 1664 404 1706 ex
423 1647 587 1724 legionibus
607 1650 686 1724 aegri
705 1649 813 1721 relicti;
842 1668 879 1708 ex
898 1651 1002 1727 quibus
1022 1651 1070 1726 qui
1089 1651 1147 1708 hoc

156 1743 249 1818 spatio
278 1743 389 1802 dierum
414 1747 626 1818 convaluerant,
654 1747 765 1806 circiter
788 1761 852 1819 ooo,
880 1749 935 1808 sub
962 1749 1065 1807 vexillo
1088 1763 1190 1813 una15

156 1842 305 1900 mittuntur
315 1859 323 1912 3
355 1857 463 1918 magna
480 1854 628 1918 praeterea
646 1843 798 1904 multitudo
820 1845 964 1916 calonum,
985 1863 1092 1921 magna
1105 1847 1147 1905 vis

157 1941 358 2009 iurnentortun,
372 1957 446 2016 quae
460 1941 490 1997 in
506 1942 606 2000 castris
627 1941 825 2011 subsederant,
845 1941 922 2001 facta
946 1952 1087 2018 potestate
1103 1961 1148 2000 se-

156 2037 258 2112 quitur.
286 2043 336 2097 at.
357 2036 427 2096 Hoc
442 2039 506 2114 ipso
521 2047 651 2114 ternpore
666 2047 694 2096 et
705 2056 774 2097 casu
787 2038 924 2098 Germani
939 2041 1048 2118 equites
1062 2041 1147 2099 inter·

156 2135 275 2192 veniunt
299 2135 488 2213 protinusque
516 2135 621 2194 eodern
648 2135 706 2207 illo,
735 2154 795 2213 quo
822 2147 967 2208 venerant,
996 2156 1081 2198 cursu
1109 2141 1147 2197 ab

157 2233 319 2292 decumana
333 2243 417 2311 porta
430 2235 461 2292 in
475 2245 568 2294 castra
582 2235 739 2310 irrumpere
753 2245 903 2306 conantur,
918 2253 973 2294 nec
987 2236 1066 2311 prius
1081 2245 1147 2296 sunt
1162 2253 1192 2288 πο

156 2331 209 2388 visi
223 2330 342 2390 obiectis
357 2333 395 2390 ab
411 2347 446 2399 ea
460 2344 541 2409 parte
557 2333 640 2404 silvis,
656 2314 744 2410 quam
757 2333 856 2392 castris
874 2335 1146 2411 appropinquarent,

156 2448 248 2506 usque
262 2447 307 2500 e0,
321 2439 352 2488 ut
362 2431 412 2508 qui
426 2432 480 2489 sub
494 2431 567 2490 vallo
582 2430 732 2490 tenderent
745 2442 919 2490 mercatores
933 2432 1089 2508 recipiendi
1104 2435 1148 2494 sui

156 2529 321 2588 facultatem
335 2547 396 2588 non
411 2529 556 2589 baberent.
592 2529 781 2606 Inopinantes
795 2531 886 2589 nostri
903 2549 934 2589 re
948 2548 1023 2590 nova
1037 2541 1147 2608 pertur-

156 2628 269 2697 banttu,
291 2644 325 2684 ac
345 2627 392 2684 vix
411 2628 536 2703 primurn
550 2628 690 2702 impeturn
711 2628 817 2687 cohors
831 2628 861 2686 in
880 2630 1004 2688 statione
1019 2631 1146 2689 sustinet.

157 2722 433 2784 Circumfunduntur
447 2743 483 2783 ex
497 2725 615 2802 reliquis
631 2725 730 2784 hostes
746 2727 881 2802 partibus,
898 2728 921 2786 si
936 2744 1024 2804 quem
1037 2729 1146 2786 aditum
1162 2744 1190 2794 as

156 2821 280 2898 reperire
312 2831 439 2899 possent.
500 2823 595 2901 Aegre
626 2834 724 2901 portas
757 2825 847 2884 nostri
868 2834 991 2897 tuentur,
1022 2826 1147 2902 reliquos

156 2919 252 2978 aditus
286 2919 368 2978 locus
403 2920 465 2996 ipse
499 2937 552 2998 per
586 2939 618 2981 se
652 2921 834 2998 munitioque
869 2923 1005 2983 defendit.
1061 2923 1146 2982 Totis

156 3000 314 3092 trepidatur
346 3019 453 3090 castris,
487 3027 573 3097 atque
601 3019 673 3079 alius
704 3037 741 3082 eu
774 3021 830 3079 alio
858 3037 977 3079 causam
1008 3022 1146 3080 tumultus

157 3111 279 3193 quaerit3
308 3133 403 3193 neque
428 3133 486 3194 quo
512 3118 595 3193 signa
622 3118 756 3189 ierantrn,
781 3135 876 3194 neque
904 3135 991 3195 quam
1015 3119 1046 3176 in
1070 3129 1146 3195 part·

156 3231 204 3272 ern
229 3214 350 3291 quisque
375 3216 536 3286 conveniat,
558 3217 716 3293 provident.
757 3215 838 3274 Alius
863 3216 921 3274 iam
945 3225 1037 3276 castra
1061 3228 1146 3293 capta
1159 3241 1189 3288 30

155 3314 332 3388 pronuntiat,
357 3313 428 3371 alius
453 3313 546 3374 deleto
571 3314 697 3372 exercitu
720 3323 807 3390 atque
831 3314 1002 3389 imperatore
1023 3315 1146 3375 victores

155 3411 295 3469 barbaros
321 3411 435 3469 venisse
461 3411 626 3482 contendit;
661 3412 789 3488 plerique
816 3427 907 3469 novas
935 3412 989 3470 sibi
1014 3431 1051 3470 ex
1079 3414 1146 3475 loeo

155 3507 311 3584 religiones
334 3507 446 3585 fingunt
461 3507 620 3585 Cottaeque
642 3519 671 3566 et
692 3508 793 3567 Titurii
819 3509 1017 3584 calamitatem,
1045 3512 1094 3588 qui
1115 3513 1146 3572 in

622 3617 645 3660 ts
665 3624 680 3664 a
