2652 3928
166 227 303 314 87-90.
391 243 437 290 na
458 243 568 290 annno
593 242 746 292 oarrreo
769 242 878 291 corun.
905 243 966 292 νη.
1034 261 1038 274 =
1097 226 1155 290 181

164 409 183 448 a
209 392 417 450 munitionibus
445 393 593 451 reducunt.
635 392 680 450 Fit
707 393 839 468 protinus
866 391 975 451 haere
999 393 1097 451 audita
1121 410 1157 449 ex

164 489 265 546 castris
280 489 432 546 Gallorum
446 489 524 565 suga.
566 489 656 562 Quod
675 490 731 547 nisi
744 490 851 547 crebris
870 489 1003 548 subsidiis
1022 508 1056 547 ac
1070 490 1157 547 totius

164 586 221 644 diei
248 586 347 644 labore
375 587 479 645 milites
507 597 604 646 essent
632 587 746 658 defessi,
771 605 874 646 omnes
901 587 1028 645 hostium
1055 588 1157 662 copiae

164 682 252 739 deleri
265 683 435 759 potuissent.
477 683 523 742 De
537 685 635 742 media
648 694 734 744 nocte
753 685 858 743 missus
876 685 1018 760 equitatus
1037 685 1157 742 novissi-

163 797 245 836 mum
269 798 376 855 agmen
401 775 604 856 consequitur:
630 799 754 857 magnus
777 780 914 840 numerus
936 782 1047 857 capitur
1070 789 1183 856 atque⁵

164 878 329 935 interficitur
341 897 348 948 3
368 878 469 953 reliqui
482 896 518 936 ex
530 879 599 954 fuga
613 879 643 936 in
658 881 785 938 civitates
799 879 959 939 discedunt.
996 886 1050 938 89.
1072 878 1155 936 Post·

162 994 213 1034 ero
244 976 290 1034 die
318 975 536 1052 Vercingetorix
570 977 695 1035 concilio
728 987 889 1036 convocato
920 977 950 1036 id
983 977 1091 1035 bellum
1124 994 1156 1035 se

163 1074 324 1149 suscepisse
344 1085 412 1130 non·
427 1091 543 1132 suarum
564 1075 788 1146 necessitatium,
811 1075 863 1132 sed
885 1076 1049 1134 communis
1071 1075 1155 1132 liber·

161 1171 227 1228 tatis
252 1188 339 1229 causa
360 1170 547 1240 demonstrat,
563 1181 591 1229 et
612 1172 751 1246 quoniam
772 1172 807 1230 sit
829 1171 960 1230 fortunae
983 1173 1154 1243 cedendum,

162 1267 201 1326 ad
224 1277 375 1342 utramque
400 1286 462 1324 rem
487 1286 518 1326 se
540 1268 595 1326 illis
619 1269 731 1339 offerre,
750 1287 801 1327 seu
823 1278 916 1326 morte
938 1287 991 1327 sua
1011 1268 1155 1326 Romanis
1170 1291 1200 1326 10

162 1365 324 1424 satisfacere
342 1383 391 1423 seu
406 1366 502 1422 vivum
522 1366 633 1424 tradere
652 1367 746 1426 velint.
788 1363 941 1425 Mittuntur
961 1368 996 1426 de
1010 1361 1054 1424 his
1068 1368 1154 1425 rebus

162 1464 200 1521 ad
225 1461 380 1520 Caesarem
408 1462 502 1538 legati.
544 1463 628 1522 Iubet
649 1484 729 1523 arma
749 1465 830 1536 tradi,
852 1465 997 1541 principes
1024 1464 1154 1540 produci.

162 1562 229 1638 Ipse
251 1561 281 1618 in
301 1561 462 1618 munitione
483 1578 537 1637 pro
558 1561 658 1620 castris
680 1559 828 1621 consedit:
850 1581 887 1621 eo
912 1561 1002 1621 duces
1027 1563 1152 1638 produc-

161 1668 264 1730 untur;
287 1657 508 1734 Vercingetorix
528 1659 647 1730 deditur,
663 1679 742 1718 anna
760 1661 947 1736 proiciuntur.
989 1660 1152 1719 Reservatis

161 1756 271 1814 Aeduis
286 1764 372 1830 atque
386 1756 531 1828 Arvernis
547 1757 571 1814 si
589 1775 641 1832 per
655 1777 706 1816 eos
720 1759 847 1817 civitates
865 1759 1025 1834 reciperare
1045 1767 1152 1834 posset,
1169 1775 1197 1825 15

160 1873 197 1912 ex
225 1853 339 1928 reliquis
368 1854 486 1930 captivis
514 1862 577 1912 toto
604 1856 740 1914 exercitui
764 1857 859 1932 capita
886 1856 999 1931 singula
1016 1840 1152 1932 xpraedae

160 1956 279 2010 nomine
294 1951 445 2010 distribuit.

161 2081 163 2086 ·
203 2055 258 2108 90.
281 2047 337 2106 His
350 2051 436 2107 rebus
451 2049 590 2108 confectis
604 2050 632 2107 in
647 2050 767 2109 Aeduos
781 2051 989 2126 proficiscitur;
1009 2051 1152 2116 civitatem

159 2146 267 2221 recipit.
314 2146 360 2204 Eo
388 2146 473 2222 legati
501 2149 539 2205 ab
566 2147 703 2206 Arvernis
730 2149 810 2206 missi
837 2166 912 2224 quae
939 2150 1093 2226 imperaret
1120 2167 1152 2207 se

159 2243 285 2301 facturos
303 2243 482 2318 pollicentur.
525 2243 652 2320 Imperat
673 2263 814 2320 magnum
834 2261 987 2304 numerum
1007 2245 1150 2304 obsidum.
1166 2274 1197 2310 ao

160 2340 306 2416 Legiones
333 2341 363 2396 in
388 2340 507 2399 hiberna
530 2343 621 2400 mittit.
664 2341 850 2418 Captivorum
875 2343 985 2401 circiter
1007 2362 1046 2401 xx
1073 2344 1152 2401 milia

160 2438 270 2496 Aeduis
304 2439 496 2514 Arvernisque
530 2439 630 2498 reddit.
673 2439 710 2499 T.
741 2439 903 2498 Labienum
938 2442 1049 2500 du'abus
1084 2460 1151 2500 cum

160 2533 322 2610 legionibus
347 2543 376 2593 et
400 2536 528 2610 equitatu
554 2537 585 2594 in
613 2536 764 2612 Sequanos
791 2523 935 2614 proficisci
963 2538 1057 2598 iubet:
1084 2539 1151 2599 huic

160 2632 203 2690 Μ.
221 2632 425 2708 Sempronium
440 2633 569 2690 Rutilum
584 2635 718 2694 attribuit.
761 2633 868 2692 Gaium
887 2635 1009 2694 Fabium
1024 2637 1151 2712 legatum

160 2741 190 2788 et
213 2729 336 2788 Lucium
360 2729 522 2788 Minucium
547 2729 675 2789 Basilum
699 2749 766 2790 cum
794 2732 955 2807 legionibus
983 2734 1094 2793 duabus
1120 2736 1149 2793 in
1165 2759 1193 2808 ²5

160 2826 262 2886 Remis
281 2827 413 2897 collocat,
429 2847 466 2886 ne
486 2845 574 2903 quam
593 2831 630 2893 ab
645 2829 771 2887 finitimis
786 2829 945 2888 Bellovacis
959 2833 1148 2890 calamitatem

160 2925 311 3000 accipiant.
362 2923 469 2983 Gaium
504 2925 660 2984 Antistium
696 2926 842 3002 Reginum
876 2928 907 2985 in
940 2928 1149 3000 Ambivaretos,

160 3021 260 3079 Titum
287 3021 416 3079 Sextium
436 3023 466 3080 in
487 3021 637 3098 Bituriges,
660 3023 767 3082 Gaium
788 3023 943 3083 Caninium
964 3025 1099 3084 Rebilum
1119 3030 1150 3086 in

160 3118 292 3178 Rutenos
332 3137 400 3176 cum
439 3120 559 3195 singulis
594 3121 756 3196 legionibus
776 3122 884 3180 mittit.
945 3121 982 3194 Q.
1020 3123 1148 3182 Tullium

159 3215 332 3274 Ciceronem
346 3225 375 3274 et
389 3216 420 3273 P.
437 3215 593 3292 Sulpicium
609 3217 753 3276 Cabilloni
767 3228 795 3278 et
809 3219 973 3278 Matiscone
993 3221 1024 3278 in
1039 3221 1148 3282 Aeduis
1160 3241 1192 3290 30

158 3313 197 3372 ad
221 3314 334 3371 Ararim
361 3315 402 3371 rei
423 3314 624 3373 frumentariae
649 3334 735 3374 causa
756 3316 885 3374 collocat.
927 3317 995 3393 Ipse
1015 3319 1148 3380 Bibracte

158 3411 285 3469 hiemare
313 3412 466 3470 constituit.
513 3411 569 3470 His
595 3413 717 3488 [litteris]
744 3413 868 3489 cognitis
896 3412 1010 3474 Romae
1037 3415 1147 3476 dierum

76 3561 90 3586 ‚
158 3507 257 3584 viginti
271 3509 443 3585 supplicatio
458 3510 593 3570 redditur.
