2634 3914
179 184 221 252 94
500 181 529 231 c.
553 179 648 229 rurrr
669 177 841 228 orrsrrrs
1138 179 1169 224 v.

180 338 315 406 quattuor
343 348 427 406 reges
458 340 615 406 praeerant,
648 331 824 408 Cingetorix,
854 329 1001 398 Carvilius,
1015 319 1018 328 ’
1032 327 1170 386 Taxima-

180 427 272 502 gulus,
288 427 429 504 Segovax,
447 429 564 486 nuntios
583 428 668 486 mittit
686 439 772 504 atque
790 427 835 486 his
854 429 983 502 imperat,
1001 425 1042 483 uti
1062 425 1170 483 coactis

180 526 314 584 omnibus
329 526 421 602 copiis
438 536 531 584 castra
547 526 658 584 navalia
675 525 711 584 de
726 526 882 601 improviso
901 525 1066 583 adoriantur
1083 532 1170 598 atque

180 633 360 698 oppugnent.
402 623 428 682 Ii
450 642 517 682 cum
549 623 586 681 ad
608 633 700 682 castra
724 625 878 693 venissent,
902 623 993 681 nostri
1018 621 1169 696 eruptione

151 720 255 790 5facta
284 721 380 780 multis
412 739 512 779 eorum
546 721 708 792 interfectis,
740 730 826 796 capto
856 721 942 778 etiam
971 719 1062 777 nobili
1096 717 1171 775 duce

181 818 359 894 Lugotorige
401 836 470 877 suos
512 819 673 877 incolumes
715 819 897 876 reduxerunt.
939 815 1170 875 Cassivellaunus

180 916 238 974 hoc
273 916 383 992 proelio
418 916 557 987 nuntiato,
591 926 635 974 tot
669 915 846 974 detrimentis
883 915 1018 990 acceptis,
1054 913 1170 971 vastatis

181 1013 295 1086 finibus,
313 1013 439 1071 maxime
460 1014 547 1071 etiam
567 1023 715 1089 permotus
737 1013 898 1072 defectione
919 1013 1074 1080 civitatum,
1092 1010 1170 1086 lega·

117 1141 120 1146 ·
181 1120 227 1170 tos
251 1129 304 1187 per
329 1110 497 1169 Atrebatem
522 1109 690 1169 Commium
714 1111 750 1170 de
779 1111 925 1170 deditione
953 1109 991 1168 ad
1015 1108 1171 1168 Caesarem

138 1227 169 1264 ιο
182 1209 274 1267 mittit.
316 1207 432 1280 Caesar,
462 1227 530 1267 cum
561 1209 754 1267 constituisset
787 1207 915 1267 hiemare
949 1208 979 1266 in
1011 1206 1171 1265 continenti

182 1316 297 1383 propter
323 1307 490 1382 repentinos
516 1305 625 1364 Galliae
653 1316 757 1377 motus,
782 1325 877 1383 neque
904 1306 1028 1364 multum
1056 1303 1172 1362 aestatis

183 1415 351 1482 superesset,
370 1414 454 1480 atque
473 1403 504 1462 id
521 1403 602 1462 facile
619 1404 729 1461 extrahi
747 1422 834 1480 posse
854 1403 1037 1478 intellegeret,
1055 1401 1171 1460 obsides

182 1505 303 1580 imperat
330 1512 358 1560 et
386 1501 456 1578 quid
480 1501 511 1558 in
538 1519 631 1559 annos
653 1499 782 1576 singulos
807 1501 952 1577 vectigalis
973 1501 1083 1578 populo
1110 1499 1173 1558 Ro-

182 1619 271 1660 mano
284 1599 432 1658 Britannia
446 1598 594 1676 penderet,
609 1599 755 1657 constituit
763 1617 771 1672 ;
793 1600 936 1658 interdicit
952 1608 1038 1676 atque
1051 1599 1173 1674 imperat

140 1719 169 1770 15
184 1698 408 1769 Cassivellauno,
429 1716 467 1756 ne
493 1695 704 1755 Mandubracio
725 1715 784 1754 neu
808 1697 1036 1755 Trinobantibus
1057 1701 1172 1754 noceat.

185 1803 235 1856 2³.
257 1794 415 1855 Obsidibus
430 1795 556 1870 acceptis
570 1795 727 1853 exercitum
740 1795 850 1852 reducit
865 1795 903 1853 ad
919 1813 1008 1864 mare,
1023 1812 1111 1852 naves
1128 1795 1173 1850 in-

184 1893 262 1952 venit
281 1893 410 1953 refectas.
453 1891 510 1950 His
530 1893 669 1963 deductis,
691 1892 771 1968 quod
789 1902 817 1950 et
836 1893 1014 1968 captivorum
1033 1909 1174 1967 magnum

184 2008 338 2049 numerum
352 1989 485 2059 habebat,
496 1997 524 2047 et
537 1990 693 2048 nonnullae
704 1999 874 2066 tempestate
886 1991 1067 2066 deperierant
1077 2007 1173 2058 naves,

121 2113 123 2118 ’
185 2090 300 2148 duobus
321 2088 530 2146 commeatibus
550 2089 707 2146 exercitum
727 2098 873 2164 reportare
894 2089 1021 2146 instituit.
1064 2087 1109 2145 Ac
1134 2088 1175 2145 sic

139 2209 172 2245 20
185 2187 297 2257 accidit,
325 2185 366 2243 uti
394 2204 430 2243 ex
461 2194 543 2243 tanto
574 2185 689 2243 navium
721 2203 842 2244 numero
873 2195 917 2244 tot
944 2185 1175 2261 navigationibus

185 2301 280 2359 neque
300 2281 357 2340 hoc
378 2299 473 2356 neque
498 2282 644 2356 superiore
665 2299 744 2340 anno
768 2282 826 2339 ulla
846 2283 968 2340 omnino
990 2282 1079 2352 navis,
1100 2296 1176 2356 quae

185 2381 288 2438 milites
312 2388 448 2456 portaret,
473 2377 681 2436 desideraretur
688 2397 696 2450 ;
732 2388 762 2436 at
785 2397 822 2437 ex
846 2380 889 2451 iis,
914 2398 989 2457 quae
1013 2379 1115 2437 inanes
1140 2396 1177 2436 ex

186 2477 345 2536 continenti
380 2475 417 2534 ad
452 2493 520 2534 eum
553 2476 762 2534 remitterentur
796 2486 825 2534 et
858 2477 962 2552 prioris
996 2485 1178 2535 commeatus

186 2575 325 2650 expositis
343 2574 480 2632 militibus
499 2583 527 2630 et
548 2591 619 2651 quas
640 2583 743 2649 postea
764 2573 910 2632 Labienus
929 2574 1075 2633 faciendas
1093 2591 1177 2633 cura-

142 2693 173 2743 ²5
187 2681 266 2730 verat
289 2689 410 2730 numero
430 2688 477 2742 ux,
498 2689 659 2748 perpaucae
683 2671 783 2730 locum
804 2682 948 2747 caperent,
970 2673 1096 2748 reliquae
1117 2671 1179 2730 fere

188 2789 291 2830 omnes
317 2771 498 2828 reicerentur.
541 2769 623 2840 Quas
647 2787 714 2827 cum
741 2769 918 2846 aliquamdiu
942 2769 1050 2829 Caesar
1074 2770 1180 2828 frustra

187 2878 375 2944 expectasset,
401 2887 438 2925 ne
463 2868 531 2925 anni
556 2879 687 2944 tempore
715 2886 733 2926 a
760 2867 942 2943 navigatione
971 2868 1179 2938 excluderetur,

188 2967 268 3044 quod
298 2966 514 3044 aequinoctium
546 2967 669 3036 suberat,
697 2968 861 3024 necessario
893 2969 1043 3042 angustius
1075 2966 1181 3024 milites

188 3065 338 3123 collocavit
358 3083 393 3124 ac
414 3083 529 3123 summa
549 3065 750 3141 tranquillitate
771 3075 936 3136 consecuta,
958 3065 1086 3124 secunda
1110 3065 1182 3123 inita

145 3177 176 3226 30
189 3183 256 3223 cum
281 3164 412 3223 solvisset
439 3164 543 3238 vigilia,
556 3165 660 3239 prima
683 3165 747 3222 luce
771 3172 877 3222 terram
901 3164 994 3240 attigit
1018 3180 1181 3238 omnesque

189 3262 349 3320 incolumes
363 3279 452 3320 naves
466 3261 608 3336 perduxit.

163 3403 167 3411 .
232 3365 284 3419 24.
306 3359 461 3418 Subductis
475 3358 595 3417 navibus
607 3358 786 3434 concilioque
798 3357 948 3418 Gallorum
964 3359 1184 3420 Samarobrivae

192 3466 319 3532 peracto,
330 3455 411 3532 quod
424 3473 460 3514 eo
475 3473 553 3514 anno
566 3455 742 3514 frumentum
756 3455 787 3512 in
801 3454 894 3514 Gallia
907 3465 1026 3533 propter
1039 3457 1184 3516 siccitates
