2634 3914
199 149 264 214 1118
525 160 555 214 c.
580 163 672 212 rurrr
693 161 864 212 claranus
961 189 964 194 ·
1143 158 1182 216 vr.

200 314 271 372 odio
286 310 499 372 Germanorum
512 313 681 373 innocentes
700 331 754 389 pro
774 312 946 372 nocentibus
966 327 1077 387 poenas
1098 307 1185 384 pend-

201 421 268 483 ant;
294 412 318 470 si
339 412 462 488 amplius
486 412 623 471 obsidum
644 411 734 484 vellet,
753 411 822 470 dare
842 411 1023 486 pollicentur.
1065 406 1186 482 Cognita

201 507 310 567 Caesar
327 527 416 567 causa
433 510 538 586 reperit
548 511 586 567 ab
606 510 708 569 Suebis
722 509 826 583 auxilia
839 509 928 566 missa
946 525 1026 579 esse;
1048 504 1186 563 Ubiorum

200 606 426 666 satisfactionem
455 607 566 683 accipit,
590 607 683 666 aditus
711 607 829 682 viasque
856 606 886 663 in
909 604 1022 663 Suebos
1046 602 1185 680 perquirit

171 710 249 776 510.
270 704 389 763 Interim
411 706 511 781 paucis
533 714 600 782 post
622 705 723 764 diebus
745 705 777 762 fit
797 706 834 762 ab
855 703 938 762 Ubiis
957 703 1060 761 certior
1078 700 1187 760 Suebos

134 818 136 826 ·
199 820 303 862 omnes
326 803 356 860 in
380 821 471 860 unum
494 802 591 865 locum
611 803 711 878 copias
732 819 837 878 cogere
857 810 943 878 atque
964 800 998 858 iis
1016 799 1186 868 nationibus,

200 917 274 975 quae
289 901 344 961 sub
357 918 459 961 eorum
473 901 528 958 sint
544 900 673 975 imperio,
688 899 864 971 denuntiare,
878 909 911 958 ut
924 897 1029 956 auxilia
1047 897 1187 973 peditatus

199 997 400 1073 equitatusque
414 997 534 1060 mittant
579 995 635 1055 His
648 997 772 1072 cognitis
791 996 877 1054 rebus
897 1013 958 1054 rem
977 993 1188 1052 frumentariam

200 1093 339 1170 providet,
361 1095 460 1156 castris
479 1094 620 1152 idoneum
640 1093 738 1151 locum
760 1093 874 1168 deligit3
899 1091 982 1150 Ubiis
1007 1092 1136 1168 imperat,
1157 1099 1188 1150 ut

155 1213 188 1253 ,ιο
200 1208 306 1268 pecora
321 1190 466 1249 deducant
483 1209 592 1266 suaque
606 1191 705 1248 omnia
720 1191 846 1264 onagris
865 1190 895 1251 in
910 1189 1018 1265 oppida
1032 1187 1188 1258 conferant,

199 1307 319 1364 sperans
333 1290 471 1348 barbaros
485 1299 572 1366 atque
589 1290 736 1366 imperitos
749 1288 882 1347 homines
900 1288 1000 1364 inopia
1018 1288 1190 1346 cibariorum

199 1385 341 1444 adductos
361 1386 400 1444 ad
420 1387 549 1462 iniquam
569 1387 718 1463 pugnandi
739 1386 941 1444 condicionem
960 1403 1048 1461 posse
1069 1383 1188 1444 deduci:

198 1483 326 1554 mandat,
340 1492 372 1541 ut
385 1485 503 1544 crebros
524 1484 720 1561 exploratores
740 1485 770 1541 in
791 1483 904 1542 Suebos
924 1484 1038 1540 mittant
1058 1501 1189 1559 quaeque

198 1581 278 1658 apud
305 1599 357 1638 eos
386 1591 521 1656 gerantur
548 1592 736 1656 cognoscant.
788 1581 832 1644 Illi
859 1582 999 1656 imperata
1025 1579 1135 1638 faciunt
1162 1589 1189 1638 et

158 1697 186 1750 15
199 1677 299 1754 paucis
320 1679 421 1738 diebus
442 1679 611 1741 intermissis
631 1680 775 1739 referunt:
805 1678 919 1740 Suebos
939 1696 1051 1748 omnes,
1073 1687 1189 1754 postea·

199 1792 288 1850 quam
302 1776 436 1834 certiores
456 1775 547 1838 nuntii
564 1776 601 1834 de
615 1778 741 1834 exercitu
755 1776 958 1836 Romanorum
971 1775 1107 1847 venerint,
1122 1793 1191 1833 cum

199 1874 334 1932 omnibus
356 1873 415 1936 suis
439 1875 642 1950 sociorumque
664 1875 764 1952 copiis,
787 1893 859 1950 quas
880 1874 1053 1950 coegissent,
1074 1873 1191 1948 penitus

197 1969 236 2028 ad
261 1980 407 2030 extremos
434 1971 508 2032 fines
541 1991 572 2030 se
600 1973 759 2049 recepisse:
792 1973 894 2030 silvam
921 1990 985 2030 esse
1012 1971 1052 2028 ibi
1078 1971 1192 2029 infinita

198 2068 404 2144 magnitudine,
420 2087 495 2144 quae
514 2069 673 2145 appellatur
692 2069 814 2129 Bacenis
823 2089 832 2143 ;
853 2071 929 2128 hanc
948 2069 1036 2146 longe
1050 2069 1192 2126 introrsus

155 2167 338 2246 sepertinere
357 2175 386 2225 et
403 2185 457 2242 pro
478 2167 574 2225 nativo
588 2185 673 2226 muro
692 2169 837 2226 obiectam
856 2166 1020 2226 Cheruscos
1033 2167 1071 2224 ab
1087 2165 1194 2226 Suebis

199 2264 370 2340 Suebosque
384 2265 421 2322 ab
436 2263 589 2323 Cheruscis
604 2265 711 2322 iniuriis
731 2265 1000 2340 incursionibusque
1014 2263 1192 2340 prohibere3

197 2360 235 2420 ad
263 2362 323 2419 eius
351 2362 462 2420 initium
490 2362 576 2423 silvae
602 2361 715 2421 Suebos
735 2363 889 2424 adventum
912 2361 1114 2420 Romanorum
1139 2381 1195 2421 ex·

198 2469 328 2534 spectare
343 2460 533 2518 constituisse.

236 2561 279 2614 11.
302 2556 449 2628 Quoniam
468 2558 506 2616 ad
525 2557 603 2616 hunc
621 2557 719 2616 locum
738 2566 907 2640 perventum
921 2566 973 2629 est,
988 2575 1049 2616 non
1063 2557 1196 2615 alienum

155 2668 184 2718 25
197 2671 261 2712 esse
291 2654 402 2712 videtur
432 2655 468 2714 de
500 2654 611 2716 Galliae
643 2654 874 2732 Germaniaeque
904 2656 1034 2714 moribus
1065 2664 1101 2727 et,
1129 2672 1196 2732 quo

199 2751 332 2812 differant
346 2751 400 2810 hae
414 2753 547 2812 nationes
561 2755 634 2812 inter
648 2773 720 2825 sese,
735 2771 906 2830 proponere.

236 2848 272 2910 In
301 2847 394 2907 Gallia
418 2868 479 2908 non
504 2851 597 2908 solum
621 2851 652 2908 in
679 2852 815 2910 omnibus
851 2851 1010 2910 civitatibus
1042 2863 1130 2928 atque
1163 2852 1200 2911 in

196 2947 332 3006 omnibus
360 2948 443 3022 pagis
471 2949 666 3026 partibusque,
694 2950 747 3008 sed
774 2967 868 3024 paene
895 2949 983 3007 etiam
1012 2949 1042 3006 in
1070 2949 1200 3024 singulis

197 3044 332 3104 domibus
346 3043 485 3102 factiones
505 3055 580 3114 sunt,
601 3064 757 3122 earumque
772 3045 930 3104 factionum
948 3047 1094 3123 principes
1113 3056 1200 3118 sunt,

154 3156 185 3204 30
197 3142 246 3217 qui
260 3159 404 3199 summam
419 3143 618 3200 auctoritatem
632 3161 733 3200 eorum
745 3142 850 3200 iudicio
865 3143 971 3201 habere
982 3143 1201 3213 existimantur,

196 3253 321 3314 quorum
344 3238 382 3296 ad
406 3239 553 3297 arbitrium
577 3240 773 3316 iudiciumque
798 3258 912 3297 summa
937 3241 1069 3299 omnium
1093 3258 1202 3300 rerum

196 3335 438 3410 consiliorumque
469 3337 575 3395 redeat.
618 3337 720 3414 Itaque
752 3338 813 3395 eius
844 3339 884 3396 rei
915 3356 1003 3396 causa
1034 3337 1203 3414 antiquitus

195 3431 355 3518 institutum
383 3432 500 3506 videtur,
529 3453 566 3492 ne
595 3435 660 3516 quis
688 3453 724 3492 ex
752 3435 837 3512 plebe
866 3445 968 3494 contra
994 3435 1204 3514 potentiorem
