<?xml version="1.0" encoding="UTF-8"?>
<!DOCTYPE html PUBLIC "-//W3C//DTD XHTML 1.0 Transitional//EN"
    "http://www.w3.org/TR/xhtml1/DTD/xhtml1-transitional.dtd">
<html xmlns="http://www.w3.org/1999/xhtml" xml:lang="en" lang="en">
 <head>
  <title>
</title>
<meta http-equiv="Content-Type" content="text/html;charset=utf-8" />
  <meta name='ocr-system' content='tesseract 3.04.00' />
  <meta name='ocr-capabilities' content='ocr_page ocr_carea ocr_par ocr_line ocrx_word'/>
</head>
<body>
  <div class='ocr_page' id='page_1' title='image "./commentariescju01caesgoog_0199.png"; bbox 0 0 2634 3914; ppageno 0'>
   <div class='ocr_carea' id='block_1_1' title="bbox 222 189 1204 256">
    <p class='ocr_par' dir='ltr' id='par_1_1' title="bbox 222 189 1204 256">
     <span class='ocr_line' id='line_1_1' title="bbox 222 189 1204 256; baseline -0.002 -4"><span class='ocrx_word' id='word_1_1' title='bbox 222 189 283 256; x_wconf 82' lang='lat'><strong>162</strong></span> <span class='ocrx_word' id='word_1_2' title='bbox 542 203 571 252; x_wconf 88' lang='lat' dir='ltr'><strong>o.</strong></span> <span class='ocrx_word' id='word_1_3' title='bbox 594 205 687 253; x_wconf 80' lang='lat' dir='ltr'><strong>rnnzr</strong></span> <span class='ocrx_word' id='word_1_4' title='bbox 703 204 880 253; x_wconf 74' lang='lat' dir='ltr'><strong>causante</strong></span> <span class='ocrx_word' id='word_1_5' title='bbox 1145 208 1204 254; x_wconf 84' lang='lat' dir='ltr'><strong>vn.</strong></span> 
     </span>
    </p>
   </div>
   <div class='ocr_carea' id='block_1_2' title="bbox 109 352 1205 2966">
    <p class='ocr_par' dir='ltr' id='par_1_2' title="bbox 109 352 1205 2966">
     <span class='ocr_line' id='line_1_2' title="bbox 221 352 1205 431; baseline -0.001 -20"><span class='ocrx_word' id='word_1_6' title='bbox 221 352 300 428; x_wconf 91' lang='lat' dir='ltr'><strong>quod</strong></span> <span class='ocrx_word' id='word_1_7' title='bbox 323 353 458 431; x_wconf 88' lang='lat' dir='ltr'><strong>iniquitas</strong></span> <span class='ocrx_word' id='word_1_8' title='bbox 478 353 536 413; x_wconf 92' lang='lat' dir='ltr'><strong>loci</strong></span> <span class='ocrx_word' id='word_1_9' title='bbox 559 355 707 425; x_wconf 80' lang='lat' dir='ltr'><strong>attulisset,</strong></span> <span class='ocrx_word' id='word_1_10' title='bbox 728 355 758 412; x_wconf 90' lang='lat' dir='ltr'><strong>id</strong></span> <span class='ocrx_word' id='word_1_11' title='bbox 777 355 872 412; x_wconf 81' lang='lat' dir='ltr'><strong>virtuti</strong></span> <span class='ocrx_word' id='word_1_12' title='bbox 893 353 1020 412; x_wconf 90' lang='lat' dir='ltr'><strong>hostium</strong></span> <span class='ocrx_word' id='word_1_13' title='bbox 1040 353 1205 422; x_wconf 86' lang='lat' dir='ltr'><strong>tribuerent,</strong></span> 
     </span>
     <span class='ocr_line' id='line_1_3' title="bbox 220 451 1205 529; baseline 0 -21"><span class='ocrx_word' id='word_1_14' title='bbox 220 451 321 509; x_wconf 89' lang='lat' dir='ltr'><strong>eadem</strong></span> <span class='ocrx_word' id='word_1_15' title='bbox 337 453 376 510; x_wconf 88' lang='lat' dir='ltr'><strong>&#39;de</strong></span> <span class='ocrx_word' id='word_1_16' title='bbox 395 451 574 529; x_wconf 84' lang='lat' dir='ltr'><strong>profectione</strong></span> <span class='ocrx_word' id='word_1_17' title='bbox 592 453 732 528; x_wconf 85' lang='lat' dir='ltr'><strong>cogitans,</strong></span> <span class='ocrx_word' id='word_1_18' title='bbox 748 467 822 528; x_wconf 89' lang='lat' dir='ltr'><strong>quae</strong></span> <span class='ocrx_word' id='word_1_19' title='bbox 840 462 907 510; x_wconf 87' lang='lat' dir='ltr'><strong>ante</strong></span> <span class='ocrx_word' id='word_1_20' title='bbox 926 460 1061 521; x_wconf 84' lang='lat' dir='ltr'><strong>senserat,</strong></span> <span class='ocrx_word' id='word_1_21' title='bbox 1076 451 1205 526; x_wconf 83' lang='lat' dir='ltr'>legiones</span> 
     </span>
     <span class='ocr_line' id='line_1_4' title="bbox 217 546 1205 625; baseline 0 -21"><span class='ocrx_word' id='word_1_22' title='bbox 217 565 255 605; x_wconf 83' lang='lat' dir='ltr'><strong>ex</strong></span> <span class='ocrx_word' id='word_1_23' title='bbox 283 549 382 606; x_wconf 91' lang='lat' dir='ltr'><strong>castris</strong></span> <span class='ocrx_word' id='word_1_24' title='bbox 406 548 505 607; x_wconf 84' lang='lat' dir='ltr'><strong>eduxit</strong></span> <span class='ocrx_word' id='word_1_25' title='bbox 531 550 681 625; x_wconf 84' lang='lat' dir='ltr'><strong>aciemque</strong></span> <span class='ocrx_word' id='word_1_26' title='bbox 708 548 815 607; x_wconf 88' lang='lat' dir='ltr'><strong>idoneo</strong></span> <span class='ocrx_word' id='word_1_27' title='bbox 843 548 909 607; x_wconf 89' lang='lat' dir='ltr'><strong>loco</strong></span> <span class='ocrx_word' id='word_1_28' title='bbox 933 547 1087 606; x_wconf 89' lang='lat' dir='ltr'><strong>constituit.</strong></span> <span class='ocrx_word' id='word_1_29' title='bbox 1129 546 1205 606; x_wconf 91' lang='lat' dir='ltr'><strong>Cum</strong></span> 
     </span>
     <span class='ocr_line' id='line_1_5' title="bbox 218 643 1204 722; baseline 0.001 -22"><span class='ocrx_word' id='word_1_30' title='bbox 218 643 438 720; x_wconf 85' lang='lat' dir='ltr'><strong>Vercingetorix</strong></span> <span class='ocrx_word' id='word_1_31' title='bbox 459 645 548 705; x_wconf 90' lang='lat' dir='ltr'><strong>nihilo</strong></span> <span class='ocrx_word' id='word_1_32' title='bbox 567 647 661 722; x_wconf 89' lang='lat' dir='ltr'><strong>magis</strong></span> <span class='ocrx_word' id='word_1_33' title='bbox 684 647 715 704; x_wconf 89' lang='lat' dir='ltr'><strong>in</strong></span> <span class='ocrx_word' id='word_1_34' title='bbox 739 663 864 722; x_wconf 91' lang='lat' dir='ltr'><strong>aequum</strong></span> <span class='ocrx_word' id='word_1_35' title='bbox 888 646 985 704; x_wconf 91' lang='lat' dir='ltr'><strong>locum</strong></span> <span class='ocrx_word' id='word_1_36' title='bbox 1007 644 1204 714; x_wconf 85' lang='lat' dir='ltr'><strong>descenderet,</strong></span> 
     </span>
     <span class='ocr_line' id='line_1_6' title="bbox 191 741 1204 820; baseline 0 -20"><span class='ocrx_word' id='word_1_37' title='bbox 191 741 273 800; x_wconf 79' lang='lat' dir='ltr'><strong>tlevi</strong></span> <span class='ocrx_word' id='word_1_38' title='bbox 293 742 369 801; x_wconf 85' lang='lat' dir='ltr'><strong>lacto</strong></span> <span class='ocrx_word' id='word_1_39' title='bbox 391 745 514 820; x_wconf 83' lang='lat' dir='ltr'><strong>equestri</strong></span> <span class='ocrx_word' id='word_1_40' title='bbox 538 743 648 820; x_wconf 87' lang='lat' dir='ltr'><strong>proelio</strong></span> <span class='ocrx_word' id='word_1_41' title='bbox 669 753 755 820; x_wconf 87' lang='lat' dir='ltr'><strong>atque</strong></span> <span class='ocrx_word' id='word_1_42' title='bbox 773 742 908 802; x_wconf 88' lang='lat' dir='ltr'><strong>secundo</strong></span> <span class='ocrx_word' id='word_1_43' title='bbox 932 743 963 800; x_wconf 87' lang='lat' dir='ltr'><strong>in</strong></span> <span class='ocrx_word' id='word_1_44' title='bbox 983 751 1076 800; x_wconf 89' lang='lat' dir='ltr'><strong>castra</strong></span> <span class='ocrx_word' id='word_1_45' title='bbox 1096 742 1204 800; x_wconf 88' lang='lat' dir='ltr'><strong>exerci-</strong></span> 
     </span>
     <span class='ocr_line' id='line_1_7' title="bbox 218 838 1205 918; baseline 0 -22"><span class='ocrx_word' id='word_1_46' title='bbox 218 848 279 896; x_wconf 90' lang='lat' dir='ltr'><strong>tum</strong></span> <span class='ocrx_word' id='word_1_47' title='bbox 297 840 417 899; x_wconf 87' lang='lat' dir='ltr'><strong>reduxit.</strong></span> <span class='ocrx_word' id='word_1_48' title='bbox 459 840 534 900; x_wconf 92' lang='lat' dir='ltr'><strong>Cum</strong></span> <span class='ocrx_word' id='word_1_49' title='bbox 555 841 611 900; x_wconf 90' lang='lat' dir='ltr'><strong>hoc</strong></span> <span class='ocrx_word' id='word_1_50' title='bbox 631 841 709 900; x_wconf 89' lang='lat' dir='ltr'><strong>idem</strong></span> <span class='ocrx_word' id='word_1_51' title='bbox 729 851 846 918; x_wconf 88' lang='lat' dir='ltr'><strong>postero</strong></span> <span class='ocrx_word' id='word_1_52' title='bbox 868 841 914 899; x_wconf 93' lang='lat' dir='ltr'><strong>die</strong></span> <span class='ocrx_word' id='word_1_53' title='bbox 935 839 1057 910; x_wconf 84' lang='lat' dir='ltr'><strong>iecisset,</strong></span> <span class='ocrx_word' id='word_1_54' title='bbox 1079 839 1146 897; x_wconf 91' lang='lat' dir='ltr'><strong>satis</strong></span> <span class='ocrx_word' id='word_1_55' title='bbox 1167 838 1205 896; x_wconf 85' lang='lat' dir='ltr'><strong>ad</strong></span> 
     </span>
     <span class='ocr_line' id='line_1_8' title="bbox 219 936 1204 1012; baseline 0 -17"><span class='ocrx_word' id='word_1_56' title='bbox 219 936 359 996; x_wconf 81' lang='lat' dir='ltr'><strong>Gallicam</strong></span> <span class='ocrx_word' id='word_1_57' title='bbox 392 939 615 997; x_wconf 84' lang='lat' dir='ltr'><strong>ostentationem</strong></span> <span class='ocrx_word' id='word_1_58' title='bbox 653 938 841 996; x_wconf 84' lang='lat' dir='ltr'><strong>minuendam</strong></span> <span class='ocrx_word' id='word_1_59' title='bbox 875 937 1054 1012; x_wconf 83' lang='lat' dir='ltr'><strong>militumque</strong></span> <span class='ocrx_word' id='word_1_60' title='bbox 1089 937 1204 995; x_wconf 86' lang='lat' dir='ltr'><strong>anirnos</strong></span> 
     </span>
     <span class='ocr_line' id='line_1_9' title="bbox 218 1033 1202 1094; baseline -0.002 0"><span class='ocrx_word' id='word_1_61' title='bbox 218 1036 436 1094; x_wconf 86' lang='lat' dir='ltr'><strong>confirmandos</strong></span> <span class='ocrx_word' id='word_1_62' title='bbox 457 1035 563 1094; x_wconf 88' lang='lat' dir='ltr'><strong>factum</strong></span> <span class='ocrx_word' id='word_1_63' title='bbox 591 1036 758 1094; x_wconf 89' lang='lat' dir='ltr'><strong>existimans</strong></span> <span class='ocrx_word' id='word_1_64' title='bbox 786 1036 816 1092; x_wconf 90' lang='lat' dir='ltr'><strong>in</strong></span> <span class='ocrx_word' id='word_1_65' title='bbox 843 1033 962 1092; x_wconf 88' lang='lat' dir='ltr'><strong>Aeduos</strong></span> <span class='ocrx_word' id='word_1_66' title='bbox 988 1034 1079 1092; x_wconf 91' lang='lat' dir='ltr'><strong>movit</strong></span> <span class='ocrx_word' id='word_1_67' title='bbox 1102 1043 1202 1092; x_wconf 87' lang='lat' dir='ltr'><strong>castra</strong></span> 
     </span>
     <span class='ocr_line' id='line_1_10' title="bbox 218 1131 1204 1209; baseline -0.001 -19"><span class='ocrx_word' id='word_1_68' title='bbox 218 1132 264 1191; x_wconf 95' lang='lat' dir='ltr'><strong>Ne</strong></span> <span class='ocrx_word' id='word_1_69' title='bbox 291 1143 353 1192; x_wconf 85' lang='lat' dir='ltr'><strong>tum</strong></span> <span class='ocrx_word' id='word_1_70' title='bbox 379 1134 496 1209; x_wconf 91' lang='lat' dir='ltr'><strong>quidem</strong></span> <span class='ocrx_word' id='word_1_71' title='bbox 523 1134 659 1192; x_wconf 88' lang='lat' dir='ltr'><strong>insecutis</strong></span> <span class='ocrx_word' id='word_1_72' title='bbox 686 1133 816 1191; x_wconf 90' lang='lat' dir='ltr'><strong>hostibus</strong></span> <span class='ocrx_word' id='word_1_73' title='bbox 843 1133 927 1190; x_wconf 91' lang='lat' dir='ltr'><strong>tertio</strong></span> <span class='ocrx_word' id='word_1_74' title='bbox 956 1131 1003 1190; x_wconf 88' lang='lat' dir='ltr'><strong>die</strong></span> <span class='ocrx_word' id='word_1_75' title='bbox 1031 1131 1069 1190; x_wconf 88' lang='lat' dir='ltr'><strong>ad</strong></span> <span class='ocrx_word' id='word_1_76' title='bbox 1095 1131 1204 1189; x_wconf 87' lang='lat' dir='ltr'><strong>flumen</strong></span> 
     </span>
     <span class='ocr_line' id='line_1_11' title="bbox 176 1228 1204 1307; baseline 0.001 -22"><span class='ocrx_word' id='word_1_77' title='bbox 176 1251 205 1286; x_wconf 90' lang='lat'><strong>10</strong></span> <span class='ocrx_word' id='word_1_78' title='bbox 217 1231 318 1289; x_wconf 87' lang='lat' dir='ltr'><strong>Elaver</strong></span> <span class='ocrx_word' id='word_1_79' title='bbox 342 1241 445 1307; x_wconf 89' lang='lat' dir='ltr'><strong>pontes</strong></span> <span class='ocrx_word' id='word_1_80' title='bbox 465 1232 555 1290; x_wconf 90' lang='lat' dir='ltr'><strong>reficit</strong></span> <span class='ocrx_word' id='word_1_81' title='bbox 574 1245 669 1307; x_wconf 88' lang='lat' dir='ltr'><strong>eoque</strong></span> <span class='ocrx_word' id='word_1_82' title='bbox 690 1232 846 1290; x_wconf 87' lang='lat' dir='ltr'><strong>exercitum</strong></span> <span class='ocrx_word' id='word_1_83' title='bbox 867 1229 998 1288; x_wconf 81' lang='lat' dir='ltr'><strong>traduxit.</strong></span> <span class='ocrx_word' id='word_1_84' title='bbox 1040 1234 1092 1288; x_wconf 83' lang='lat'><strong>54.</strong></span> <span class='ocrx_word' id='word_1_85' title='bbox 1114 1228 1159 1287; x_wconf 91' lang='lat' dir='ltr'><strong>Ibi</strong></span> <span class='ocrx_word' id='word_1_86' title='bbox 1186 1247 1204 1287; x_wconf 91' lang='lat' dir='ltr'><strong>a</strong></span> 
     </span>
     <span class='ocr_line' id='line_1_12' title="bbox 219 1325 1204 1405; baseline -0.002 -20"><span class='ocrx_word' id='word_1_87' title='bbox 219 1327 399 1387; x_wconf 89' lang='lat' dir='ltr'><strong>Viridomaro</strong></span> <span class='ocrx_word' id='word_1_88' title='bbox 434 1339 519 1404; x_wconf 91' lang='lat' dir='ltr'><strong>atque</strong></span> <span class='ocrx_word' id='word_1_89' title='bbox 553 1327 751 1405; x_wconf 85' lang='lat' dir='ltr'><strong>Eporedorige</strong></span> <span class='ocrx_word' id='word_1_90' title='bbox 785 1327 896 1387; x_wconf 91' lang='lat' dir='ltr'><strong>Aeduis</strong></span> <span class='ocrx_word' id='word_1_91' title='bbox 927 1325 1086 1404; x_wconf 88' lang='lat' dir='ltr'><strong>appellatus</strong></span> <span class='ocrx_word' id='word_1_92' title='bbox 1120 1326 1204 1384; x_wconf 88' lang='lat' dir='ltr'><strong>discit</strong></span> 
     </span>
     <span class='ocr_line' id='line_1_13' title="bbox 216 1423 1203 1502; baseline -0.002 -19"><span class='ocrx_word' id='word_1_93' title='bbox 216 1442 282 1483; x_wconf 91' lang='lat' dir='ltr'><strong>cum</strong></span> <span class='ocrx_word' id='word_1_94' title='bbox 312 1427 392 1484; x_wconf 91' lang='lat' dir='ltr'><strong>omni</strong></span> <span class='ocrx_word' id='word_1_95' title='bbox 423 1427 551 1502; x_wconf 89' lang='lat' dir='ltr'><strong>equitatu</strong></span> <span class='ocrx_word' id='word_1_96' title='bbox 581 1425 757 1485; x_wconf 87' lang='lat' dir='ltr'><strong>Litaviccum</strong></span> <span class='ocrx_word' id='word_1_97' title='bbox 788 1426 826 1485; x_wconf 92' lang='lat' dir='ltr'><strong>ad</strong></span> <span class='ocrx_word' id='word_1_98' title='bbox 855 1425 1052 1485; x_wconf 88' lang='lat' dir='ltr'><strong>sollicitandos</strong></span> <span class='ocrx_word' id='word_1_99' title='bbox 1083 1423 1203 1482; x_wconf 88' lang='lat' dir='ltr'><strong>Aeduos</strong></span> 
     </span>
     <span class='ocr_line' id='line_1_14' title="bbox 215 1522 1203 1600; baseline 0 -20"><span class='ocrx_word' id='word_1_100' title='bbox 215 1522 391 1598; x_wconf 86' lang='lat' dir='ltr'><strong>profectum:</strong></span> <span class='ocrx_word' id='word_1_101' title='bbox 423 1541 498 1600; x_wconf 92' lang='lat' dir='ltr'><strong>opus</strong></span> <span class='ocrx_word' id='word_1_102' title='bbox 525 1541 590 1582; x_wconf 91' lang='lat' dir='ltr'><strong>esse</strong></span> <span class='ocrx_word' id='word_1_103' title='bbox 616 1524 697 1600; x_wconf 92' lang='lat' dir='ltr'><strong>ipsos</strong></span> <span class='ocrx_word' id='word_1_104' title='bbox 725 1525 895 1583; x_wconf 86' lang='lat' dir='ltr'><strong>antecedere</strong></span> <span class='ocrx_word' id='word_1_105' title='bbox 915 1525 954 1583; x_wconf 93' lang='lat' dir='ltr'><strong>ad</strong></span> <span class='ocrx_word' id='word_1_106' title='bbox 975 1522 1203 1582; x_wconf 88' lang='lat' dir='ltr'><strong>confirmandam</strong></span> 
     </span>
     <span class='ocr_line' id='line_1_15' title="bbox 109 1619 1202 1706; baseline -0.001 -28"><span class='ocrx_word' id='word_1_107' title='bbox 109 1695 112 1706; x_wconf 30' lang='lat'>¹</span> <span class='ocrx_word' id='word_1_108' title='bbox 216 1620 367 1678; x_wconf 87' lang='lat' dir='ltr'><strong>civitatem.</strong></span> <span class='ocrx_word' id='word_1_109' title='bbox 408 1619 471 1678; x_wconf 90' lang='lat' dir='ltr'><strong>Etsi</strong></span> <span class='ocrx_word' id='word_1_110' title='bbox 505 1621 601 1679; x_wconf 90' lang='lat' dir='ltr'><strong>multis</strong></span> <span class='ocrx_word' id='word_1_111' title='bbox 636 1621 694 1678; x_wconf 90' lang='lat' dir='ltr'><strong>iam</strong></span> <span class='ocrx_word' id='word_1_112' title='bbox 729 1623 816 1690; x_wconf 82' lang='lat' dir='ltr'><strong>rebus</strong></span> <span class='ocrx_word' id='word_1_113' title='bbox 850 1622 1000 1698; x_wconf 87' lang='lat' dir='ltr'><strong>perfidiam</strong></span> <span class='ocrx_word' id='word_1_114' title='bbox 1034 1620 1202 1680; x_wconf 89' lang='lat' dir='ltr'><strong>Aeduorum</strong></span> 
     </span>
     <span class='ocr_line' id='line_1_16' title="bbox 174 1717 1201 1793; baseline 0 -18"><span class='ocrx_word' id='word_1_115' title='bbox 174 1741 202 1790; x_wconf 87' lang='lat'><strong>15</strong></span> <span class='ocrx_word' id='word_1_116' title='bbox 216 1725 396 1793; x_wconf 85' lang='lat' dir='ltr'><strong>perspectam</strong></span> <span class='ocrx_word' id='word_1_117' title='bbox 419 1717 544 1774; x_wconf 89' lang='lat' dir='ltr'><strong>habebat</strong></span> <span class='ocrx_word' id='word_1_118' title='bbox 567 1726 653 1793; x_wconf 90' lang='lat' dir='ltr'><strong>atque</strong></span> <span class='ocrx_word' id='word_1_119' title='bbox 677 1717 781 1776; x_wconf 91' lang='lat' dir='ltr'><strong>horum</strong></span> <span class='ocrx_word' id='word_1_120' title='bbox 806 1718 935 1778; x_wconf 87' lang='lat' dir='ltr'><strong>discessu</strong></span> <span class='ocrx_word' id='word_1_121' title='bbox 959 1718 1132 1776; x_wconf 84' lang='lat' dir='ltr'><strong>admaturari</strong></span> <span class='ocrx_word' id='word_1_122' title='bbox 1153 1717 1201 1775; x_wconf 89' lang='lat' dir='ltr'><strong>de-</strong></span> 
     </span>
     <span class='ocr_line' id='line_1_17' title="bbox 215 1813 1202 1887; baseline 0.001 -15"><span class='ocrx_word' id='word_1_123' title='bbox 215 1813 370 1874; x_wconf 86' lang='lat' dir='ltr'><strong>fectionem</strong></span> <span class='ocrx_word' id='word_1_124' title='bbox 385 1815 513 1874; x_wconf 82' lang='lat' dir='ltr'><strong>civitatis</strong></span> <span class='ocrx_word' id='word_1_125' title='bbox 541 1816 729 1887; x_wconf 86' lang='lat' dir='ltr'><strong>existimabat,</strong></span> <span class='ocrx_word' id='word_1_126' title='bbox 753 1825 851 1874; x_wconf 89' lang='lat' dir='ltr'><strong>tamen</strong></span> <span class='ocrx_word' id='word_1_127' title='bbox 876 1833 928 1874; x_wconf 90' lang='lat' dir='ltr'><strong>eos</strong></span> <span class='ocrx_word' id='word_1_128' title='bbox 951 1815 1117 1874; x_wconf 88' lang='lat' dir='ltr'><strong>retinendos</strong></span> <span class='ocrx_word' id='word_1_129' title='bbox 1141 1835 1202 1875; x_wconf 92' lang='lat' dir='ltr'><strong>non</strong></span> 
     </span>
     <span class='ocr_line' id='line_1_18' title="bbox 215 1913 1201 1984; baseline 0 -11"><span class='ocrx_word' id='word_1_130' title='bbox 215 1913 369 1984; x_wconf 89' lang='lat' dir='ltr'><strong>constituit,</strong></span> <span class='ocrx_word' id='word_1_131' title='bbox 384 1931 421 1970; x_wconf 91' lang='lat' dir='ltr'><strong>ne</strong></span> <span class='ocrx_word' id='word_1_132' title='bbox 441 1923 490 1972; x_wconf 90' lang='lat' dir='ltr'><strong>aut</strong></span> <span class='ocrx_word' id='word_1_133' title='bbox 508 1913 611 1972; x_wconf 81' lang='lat' dir='ltr'><strong>inferre</strong></span> <span class='ocrx_word' id='word_1_134' title='bbox 630 1915 762 1972; x_wconf 89' lang='lat' dir='ltr'><strong>iniuriam</strong></span> <span class='ocrx_word' id='word_1_135' title='bbox 781 1914 923 1973; x_wconf 87' lang='lat' dir='ltr'><strong>videretur</strong></span> <span class='ocrx_word' id='word_1_136' title='bbox 942 1924 990 1972; x_wconf 90' lang='lat' dir='ltr'><strong>aut</strong></span> <span class='ocrx_word' id='word_1_137' title='bbox 1009 1913 1077 1972; x_wconf 89' lang='lat' dir='ltr'><strong>dare</strong></span> <span class='ocrx_word' id='word_1_138' title='bbox 1091 1915 1201 1973; x_wconf 91' lang='lat' dir='ltr'><strong>timoris</strong></span> 
     </span>
     <span class='ocr_line' id='line_1_19' title="bbox 213 2010 1202 2087; baseline 0.001 -19"><span class='ocrx_word' id='word_1_139' title='bbox 213 2010 340 2087; x_wconf 85' lang='lat' dir='ltr'><strong>aliquam</strong></span> <span class='ocrx_word' id='word_1_140' title='bbox 370 2011 572 2086; x_wconf 84' lang='lat' dir='ltr'><strong>suspicionem</strong></span> <span class='ocrx_word' id='word_1_141' title='bbox 612 2010 837 2070; x_wconf 89' lang='lat' dir='ltr'><strong>Discedentibus</strong></span> <span class='ocrx_word' id='word_1_142' title='bbox 864 2011 909 2068; x_wconf 93' lang='lat' dir='ltr'><strong>his</strong></span> <span class='ocrx_word' id='word_1_143' title='bbox 935 2012 1056 2069; x_wconf 90' lang='lat' dir='ltr'><strong>breviter</strong></span> <span class='ocrx_word' id='word_1_144' title='bbox 1089 2029 1141 2069; x_wconf 90' lang='lat' dir='ltr'><strong>sua</strong></span> <span class='ocrx_word' id='word_1_145' title='bbox 1171 2012 1202 2069; x_wconf 90' lang='lat' dir='ltr'><strong>in</strong></span> 
     </span>
     <span class='ocr_line' id='line_1_20' title="bbox 213 2107 1201 2185; baseline 0.002 -20"><span class='ocrx_word' id='word_1_146' title='bbox 213 2107 334 2170; x_wconf 86' lang='lat' dir='ltr'><strong>Aeduos</strong></span> <span class='ocrx_word' id='word_1_147' title='bbox 354 2109 456 2166; x_wconf 86' lang='lat' dir='ltr'><strong>merita</strong></span> <span class='ocrx_word' id='word_1_148' title='bbox 475 2109 616 2184; x_wconf 88' lang='lat' dir='ltr'><strong>exposuit,</strong></span> <span class='ocrx_word' id='word_1_149' title='bbox 637 2126 711 2185; x_wconf 89' lang='lat' dir='ltr'><strong>quos</strong></span> <span class='ocrx_word' id='word_1_150' title='bbox 727 2119 760 2168; x_wconf 88' lang='lat' dir='ltr'><strong>et</strong></span> <span class='ocrx_word' id='word_1_151' title='bbox 784 2127 872 2184; x_wconf 89' lang='lat' dir='ltr'><strong>quam</strong></span> <span class='ocrx_word' id='word_1_152' title='bbox 892 2107 1014 2166; x_wconf 91' lang='lat' dir='ltr'><strong>humiles</strong></span> <span class='ocrx_word' id='word_1_153' title='bbox 1035 2110 1201 2184; x_wconf 88' lang='lat' dir='ltr'><strong>accepisset,</strong></span> 
     </span>
     <span class='ocr_line' id='line_1_21' title="bbox 172 2205 1201 2282; baseline 0.001 -19"><span class='ocrx_word' id='word_1_154' title='bbox 172 2229 203 2263; x_wconf 65' lang='grc' dir='ltr'><strong>πο</strong></span> <span class='ocrx_word' id='word_1_155' title='bbox 214 2205 382 2282; x_wconf 79' lang='lat' dir='ltr'><strong>compulsos</strong></span> <span class='ocrx_word' id='word_1_156' title='bbox 399 2207 429 2263; x_wconf 90' lang='lat' dir='ltr'><strong>in</strong></span> <span class='ocrx_word' id='word_1_157' title='bbox 446 2206 562 2282; x_wconf 90' lang='lat' dir='ltr'><strong>oppida,</strong></span> <span class='ocrx_word' id='word_1_158' title='bbox 576 2206 713 2264; x_wconf 90' lang='lat' dir='ltr'><strong>multatos</strong></span> <span class='ocrx_word' id='word_1_159' title='bbox 723 2209 815 2282; x_wconf 74' lang='lat' dir='ltr'><strong>agris,</strong></span> <span class='ocrx_word' id='word_1_160' title='bbox 830 2208 966 2264; x_wconf 88' lang='lat' dir='ltr'><strong>omnibus</strong></span> <span class='ocrx_word' id='word_1_161' title='bbox 983 2206 1087 2282; x_wconf 77' lang='lat' dir='ltr'><strong>erqptis</strong></span> <span class='ocrx_word' id='word_1_162' title='bbox 1101 2207 1201 2282; x_wconf 89' lang='lat' dir='ltr'><strong>copiis,</strong></span> 
     </span>
     <span class='ocr_line' id='line_1_22' title="bbox 214 2303 1203 2378; baseline 0 -16"><span class='ocrx_word' id='word_1_163' title='bbox 214 2304 350 2378; x_wconf 86' lang='lat' dir='ltr'><strong>imposito</strong></span> <span class='ocrx_word' id='word_1_164' title='bbox 392 2303 543 2378; x_wconf 89' lang='lat' dir='ltr'><strong>stipendio,</strong></span> <span class='ocrx_word' id='word_1_165' title='bbox 582 2303 731 2362; x_wconf 87' lang='lat' dir='ltr'><strong>obsidibus</strong></span> <span class='ocrx_word' id='word_1_166' title='bbox 771 2323 884 2363; x_wconf 89' lang='lat' dir='ltr'><strong>summa</strong></span> <span class='ocrx_word' id='word_1_167' title='bbox 923 2321 990 2362; x_wconf 90' lang='lat' dir='ltr'><strong>cum</strong></span> <span class='ocrx_word' id='word_1_168' title='bbox 1028 2305 1203 2362; x_wconf 90' lang='lat' dir='ltr'><strong>contumelia</strong></span> 
     </span>
     <span class='ocr_line' id='line_1_23' title="bbox 207 2399 1202 2478; baseline 0.002 -19"><span class='ocrx_word' id='word_1_169' title='bbox 207 2401 341 2472; x_wconf 86' lang='lat' dir='ltr'><strong>extortis,</strong></span> <span class='ocrx_word' id='word_1_170' title='bbox 377 2419 464 2477; x_wconf 89' lang='lat' dir='ltr'><strong>quam</strong></span> <span class='ocrx_word' id='word_1_171' title='bbox 498 2401 529 2457; x_wconf 89' lang='lat' dir='ltr'><strong>in</strong></span> <span class='ocrx_word' id='word_1_172' title='bbox 564 2399 707 2459; x_wconf 87' lang='lat' dir='ltr'><strong>fortunam</strong></span> <span class='ocrx_word' id='word_1_173' title='bbox 741 2419 886 2478; x_wconf 88' lang='lat' dir='ltr'><strong>quamque</strong></span> <span class='ocrx_word' id='word_1_174' title='bbox 920 2402 950 2459; x_wconf 91' lang='lat' dir='ltr'><strong>in</strong></span> <span class='ocrx_word' id='word_1_175' title='bbox 984 2401 1202 2477; x_wconf 87' lang='lat' dir='ltr'><strong>amplitudinem</strong></span> 
     </span>
     <span class='ocr_line' id='line_1_24' title="bbox 214 2497 1200 2575; baseline 0 -19"><span class='ocrx_word' id='word_1_176' title='bbox 214 2497 386 2568; x_wconf 84' lang='lat' dir='ltr'><strong>deduxisset,</strong></span> <span class='ocrx_word' id='word_1_177' title='bbox 413 2508 445 2556; x_wconf 90' lang='lat' dir='ltr'><strong>ut</strong></span> <span class='ocrx_word' id='word_1_178' title='bbox 472 2516 533 2556; x_wconf 90' lang='lat' dir='ltr'><strong>non</strong></span> <span class='ocrx_word' id='word_1_179' title='bbox 561 2498 655 2556; x_wconf 90' lang='lat' dir='ltr'><strong>solum</strong></span> <span class='ocrx_word' id='word_1_180' title='bbox 682 2499 712 2556; x_wconf 93' lang='lat' dir='ltr'><strong>in</strong></span> <span class='ocrx_word' id='word_1_181' title='bbox 740 2499 892 2575; x_wconf 88' lang='lat' dir='ltr'><strong>pristinum</strong></span> <span class='ocrx_word' id='word_1_182' title='bbox 920 2507 1025 2557; x_wconf 86' lang='lat' dir='ltr'><strong>statum</strong></span> <span class='ocrx_word' id='word_1_183' title='bbox 1052 2498 1200 2569; x_wconf 85' lang='lat' dir='ltr'><strong>redissent,</strong></span> 
     </span>
     <span class='ocr_line' id='line_1_25' title="bbox 214 2595 1201 2672; baseline 0.003 -20"><span class='ocrx_word' id='word_1_184' title='bbox 214 2595 265 2653; x_wconf 90' lang='lat' dir='ltr'><strong>sed</strong></span> <span class='ocrx_word' id='word_1_185' title='bbox 286 2596 416 2654; x_wconf 87' lang='lat' dir='ltr'><strong>omnium</strong></span> <span class='ocrx_word' id='word_1_186' title='bbox 431 2606 600 2671; x_wconf 87' lang='lat' dir='ltr'><strong>temporum</strong></span> <span class='ocrx_word' id='word_1_187' title='bbox 628 2595 796 2670; x_wconf 85' lang='lat' dir='ltr'><strong>dignitatem</strong></span> <span class='ocrx_word' id='word_1_188' title='bbox 817 2605 845 2654; x_wconf 89' lang='lat' dir='ltr'><strong>et</strong></span> <span class='ocrx_word' id='word_1_189' title='bbox 868 2598 990 2672; x_wconf 86' lang='lat' dir='ltr'><strong>gratiam</strong></span> <span class='ocrx_word' id='word_1_190' title='bbox 1014 2596 1201 2655; x_wconf 87' lang='lat' dir='ltr'><strong>antecessisse</strong></span> 
     </span>
     <span class='ocr_line' id='line_1_26' title="bbox 170 2693 1068 2764; baseline 0.001 -14"><span class='ocrx_word' id='word_1_191' title='bbox 170 2713 200 2764; x_wconf 83' lang='lat'><strong>²5</strong></span> <span class='ocrx_word' id='word_1_192' title='bbox 213 2694 382 2752; x_wconf 87' lang='lat' dir='ltr'><strong>viderentur.</strong></span> <span class='ocrx_word' id='word_1_193' title='bbox 425 2693 482 2752; x_wconf 91' lang='lat' dir='ltr'><strong>His</strong></span> <span class='ocrx_word' id='word_1_194' title='bbox 505 2694 578 2752; x_wconf 88' lang='lat' dir='ltr'><strong>datis</strong></span> <span class='ocrx_word' id='word_1_195' title='bbox 600 2695 743 2752; x_wconf 88' lang='lat' dir='ltr'><strong>mandatis</strong></span> <span class='ocrx_word' id='word_1_196' title='bbox 765 2712 818 2753; x_wconf 90' lang='lat' dir='ltr'><strong>eos</strong></span> <span class='ocrx_word' id='word_1_197' title='bbox 840 2695 877 2752; x_wconf 90' lang='lat' dir='ltr'><strong>ab</strong></span> <span class='ocrx_word' id='word_1_198' title='bbox 899 2712 931 2752; x_wconf 88' lang='lat' dir='ltr'><strong>se</strong></span> <span class='ocrx_word' id='word_1_199' title='bbox 953 2693 1068 2752; x_wconf 89' lang='lat' dir='ltr'><strong>dimisit.</strong></span> 
     </span>
     <span class='ocr_line' id='line_1_27' title="bbox 252 2790 1200 2869; baseline -0.002 -17"><span class='ocrx_word' id='word_1_200' title='bbox 252 2799 304 2852; x_wconf 75' lang='lat'><strong>55.</strong></span> <span class='ocrx_word' id='word_1_201' title='bbox 331 2791 537 2850; x_wconf 89' lang='lat' dir='ltr'><strong>Noviodunum</strong></span> <span class='ocrx_word' id='word_1_202' title='bbox 575 2801 635 2849; x_wconf 90' lang='lat' dir='ltr'><strong>erat</strong></span> <span class='ocrx_word' id='word_1_203' title='bbox 671 2792 810 2868; x_wconf 90' lang='lat' dir='ltr'><strong>oppidum</strong></span> <span class='ocrx_word' id='word_1_204' title='bbox 847 2791 1015 2851; x_wconf 88' lang='lat' dir='ltr'><strong>Aeduorum</strong></span> <span class='ocrx_word' id='word_1_205' title='bbox 1053 2790 1090 2850; x_wconf 93' lang='lat' dir='ltr'><strong>ad</strong></span> <span class='ocrx_word' id='word_1_206' title='bbox 1122 2791 1200 2869; x_wconf 87' lang='lat' dir='ltr'><strong>ripas</strong></span> 
     </span>
     <span class='ocr_line' id='line_1_28' title="bbox 212 2887 1199 2966; baseline 0 -18"><span class='ocrx_word' id='word_1_207' title='bbox 212 2889 323 2965; x_wconf 83' lang='lat' dir='ltr'><strong>Ligeris</strong></span> <span class='ocrx_word' id='word_1_208' title='bbox 344 2899 510 2966; x_wconf 91' lang='lat' dir='ltr'><strong>opportuno</strong></span> <span class='ocrx_word' id='word_1_209' title='bbox 531 2891 596 2948; x_wconf 91' lang='lat' dir='ltr'><strong>loco</strong></span> <span class='ocrx_word' id='word_1_210' title='bbox 621 2891 755 2966; x_wconf 90' lang='lat' dir='ltr'><strong>positum.</strong></span> <span class='ocrx_word' id='word_1_211' title='bbox 796 2888 867 2948; x_wconf 91' lang='lat' dir='ltr'><strong>Huc</strong></span> <span class='ocrx_word' id='word_1_212' title='bbox 889 2887 996 2947; x_wconf 90' lang='lat' dir='ltr'><strong>Caesar</strong></span> <span class='ocrx_word' id='word_1_213' title='bbox 1014 2906 1122 2947; x_wconf 90' lang='lat' dir='ltr'><strong>omnes</strong></span> <span class='ocrx_word' id='word_1_214' title='bbox 1145 2891 1199 2948; x_wconf 91' lang='lat' dir='ltr'><strong>ob·</strong></span> 
     </span>
    </p>
   </div>
   <div class='ocr_carea' id='block_1_3' title="bbox 210 2985 1299 3063">
    <p class='ocr_par' dir='ltr' id='par_1_3' title="bbox 210 2985 1299 3063">
     <span class='ocr_line' id='line_1_29' title="bbox 210 2985 1299 3063; baseline 0 -17"><span class='ocrx_word' id='word_1_215' title='bbox 210 2989 289 3046; x_wconf 89' lang='lat' dir='ltr'><strong>sides</strong></span> <span class='ocrx_word' id='word_1_216' title='bbox 326 2985 444 3058; x_wconf 86' lang='lat' dir='ltr'><strong>Galliae,</strong></span> <span class='ocrx_word' id='word_1_217' title='bbox 480 2987 662 3058; x_wconf 87' lang='lat' dir='ltr'><strong>frumentum,</strong></span> <span class='ocrx_word' id='word_1_218' title='bbox 700 2987 854 3063; x_wconf 89' lang='lat' dir='ltr'><strong>pecuniam</strong></span> <span class='ocrx_word' id='word_1_219' title='bbox 893 2986 1046 3062; x_wconf 89' lang='lat' dir='ltr'><strong>publicam,</strong></span> <span class='ocrx_word' id='word_1_220' title='bbox 1081 3004 1200 3046; x_wconf 88' lang='lat' dir='ltr'><strong>suorum</strong></span> <span class='ocrx_word' id='word_1_221' title='bbox 1298 3043 1299 3054; x_wconf 68' lang='grc'>,</span> 
     </span>
    </p>
   </div>
   <div class='ocr_carea' id='block_1_4' title="bbox 205 3085 1199 3161">
    <p class='ocr_par' dir='ltr' id='par_1_4' title="bbox 205 3085 1199 3161">
     <span class='ocr_line' id='line_1_30' title="bbox 205 3085 1199 3161; baseline 0 -19"><span class='ocrx_word' id='word_1_222' title='bbox 205 3095 297 3160; x_wconf 84' lang='lat' dir='ltr'><strong>atque</strong></span> <span class='ocrx_word' id='word_1_223' title='bbox 331 3087 472 3144; x_wconf 87' lang='lat' dir='ltr'><strong>exercitus</strong></span> <span class='ocrx_word' id='word_1_224' title='bbox 506 3085 778 3161; x_wconf 88' lang='lat' dir='ltr'><strong>impedimentorum</strong></span> <span class='ocrx_word' id='word_1_225' title='bbox 812 3102 949 3160; x_wconf 89' lang='lat' dir='ltr'><strong>magnam</strong></span> <span class='ocrx_word' id='word_1_226' title='bbox 983 3093 1094 3160; x_wconf 87' lang='lat' dir='ltr'><strong>partem</strong></span> <span class='ocrx_word' id='word_1_227' title='bbox 1128 3102 1199 3143; x_wconf 92' lang='lat' dir='ltr'><strong>con-</strong></span> 
     </span>
    </p>
   </div>
   <div class='ocr_carea' id='block_1_5' title="bbox 168 3175 1298 3355">
    <p class='ocr_par' dir='ltr' id='par_1_5' title="bbox 168 3175 1298 3355">
     <span class='ocr_line' id='line_1_31' title="bbox 168 3175 1298 3258; baseline 0.001 -18"><span class='ocrx_word' id='word_1_228' title='bbox 168 3203 200 3252; x_wconf 72' lang='lat'><strong>³0</strong></span> <span class='ocrx_word' id='word_1_229' title='bbox 211 3182 311 3240; x_wconf 88' lang='lat' dir='ltr'><strong>tulerat</strong></span> <span class='ocrx_word' id='word_1_230' title='bbox 318 3202 326 3254; x_wconf 94' lang='lat'>;</span> <span class='ocrx_word' id='word_1_231' title='bbox 352 3181 408 3242; x_wconf 91' lang='lat' dir='ltr'><strong>huc</strong></span> <span class='ocrx_word' id='word_1_232' title='bbox 428 3200 568 3258; x_wconf 87' lang='lat' dir='ltr'><strong>magnum</strong></span> <span class='ocrx_word' id='word_1_233' title='bbox 588 3199 740 3240; x_wconf 90' lang='lat' dir='ltr'><strong>numerum</strong></span> <span class='ocrx_word' id='word_1_234' title='bbox 758 3199 900 3258; x_wconf 90' lang='lat' dir='ltr'><strong>equorum</strong></span> <span class='ocrx_word' id='word_1_235' title='bbox 920 3181 1003 3239; x_wconf 92' lang='lat' dir='ltr'><strong>huius</strong></span> <span class='ocrx_word' id='word_1_236' title='bbox 1023 3180 1090 3239; x_wconf 90' lang='lat' dir='ltr'><strong>belli</strong></span> <span class='ocrx_word' id='word_1_237' title='bbox 1110 3201 1199 3241; x_wconf 81' lang='lat' dir='ltr'><strong>causa</strong></span> <span class='ocrx_word' id='word_1_238' title='bbox 1297 3175 1298 3182; x_wconf 55' lang='lat'><em>&#39;</em></span> 
     </span>
     <span class='ocr_line' id='line_1_32' title="bbox 210 3277 1297 3355; baseline 0.002 -19"><span class='ocrx_word' id='word_1_239' title='bbox 210 3280 241 3336; x_wconf 92' lang='lat' dir='ltr'><strong>in</strong></span> <span class='ocrx_word' id='word_1_240' title='bbox 275 3279 356 3338; x_wconf 90' lang='lat' dir='ltr'><strong>Italia</strong></span> <span class='ocrx_word' id='word_1_241' title='bbox 390 3288 475 3355; x_wconf 85' lang='lat' dir='ltr'><strong>atque</strong></span> <span class='ocrx_word' id='word_1_242' title='bbox 511 3278 655 3355; x_wconf 88' lang='lat' dir='ltr'><strong>Hispania</strong></span> <span class='ocrx_word' id='word_1_243' title='bbox 685 3287 851 3354; x_wconf 90' lang='lat' dir='ltr'><strong>coemptum</strong></span> <span class='ocrx_word' id='word_1_244' title='bbox 884 3279 1008 3336; x_wconf 90' lang='lat' dir='ltr'><strong>miserat.</strong></span> <span class='ocrx_word' id='word_1_245' title='bbox 1058 3277 1103 3336; x_wconf 90' lang='lat' dir='ltr'><strong>Eo</strong></span> <span class='ocrx_word' id='word_1_246' title='bbox 1130 3298 1198 3338; x_wconf 90' lang='lat' dir='ltr'><strong>cum</strong></span> <span class='ocrx_word' id='word_1_247' title='bbox 1296 3331 1297 3350; x_wconf 51' lang='lat'><strong>,</strong></span> 
     </span>
    </p>
   </div>
   <div class='ocr_carea' id='block_1_6' title="bbox 152 3375 1198 3552">
    <p class='ocr_par' dir='ltr' id='par_1_6' title="bbox 152 3375 1198 3552">
     <span class='ocr_line' id='line_1_33' title="bbox 207 3375 1198 3454; baseline 0.004 -22"><span class='ocrx_word' id='word_1_248' title='bbox 207 3375 389 3451; x_wconf 89' lang='lat' dir='ltr'><strong>Eporedorix</strong></span> <span class='ocrx_word' id='word_1_249' title='bbox 416 3376 672 3454; x_wconf 90' lang='lat' dir='ltr'><strong>Viridomarusque</strong></span> <span class='ocrx_word' id='word_1_250' title='bbox 699 3377 842 3434; x_wconf 87' lang='lat' dir='ltr'><strong>venissent</strong></span> <span class='ocrx_word' id='word_1_251' title='bbox 864 3385 892 3434; x_wconf 92' lang='lat' dir='ltr'><strong>et</strong></span> <span class='ocrx_word' id='word_1_252' title='bbox 916 3375 953 3434; x_wconf 91' lang='lat' dir='ltr'><strong>de</strong></span> <span class='ocrx_word' id='word_1_253' title='bbox 980 3385 1055 3435; x_wconf 90' lang='lat' dir='ltr'><strong>statu</strong></span> <span class='ocrx_word' id='word_1_254' title='bbox 1077 3377 1198 3436; x_wconf 90' lang='lat' dir='ltr'><strong>civitatis</strong></span> 
     </span>
     <span class='ocr_line' id='line_1_34' title="bbox 152 3472 1196 3552; baseline 0.002 -22"><span class='ocrx_word' id='word_1_255' title='bbox 152 3479 154 3486; x_wconf 82' lang='lat'>&#39;</span> <span class='ocrx_word' id='word_1_256' title='bbox 210 3473 421 3549; x_wconf 83' lang='lat' dir='ltr'><strong>cognovissent,</strong></span> <span class='ocrx_word' id='word_1_257' title='bbox 454 3472 631 3533; x_wconf 88' lang='lat' dir='ltr'><strong>Litaviccum</strong></span> <span class='ocrx_word' id='word_1_258' title='bbox 665 3473 789 3534; x_wconf 90' lang='lat' dir='ltr'><strong>Bibracti</strong></span> <span class='ocrx_word' id='word_1_259' title='bbox 823 3475 861 3533; x_wconf 89' lang='lat' dir='ltr'><strong>ab</strong></span> <span class='ocrx_word' id='word_1_260' title='bbox 895 3475 1005 3533; x_wconf 90' lang='lat' dir='ltr'><strong>Aeduis</strong></span> <span class='ocrx_word' id='word_1_261' title='bbox 1038 3484 1196 3552; x_wconf 83' lang='lat' dir='ltr'><strong>receptum,</strong></span> 
     </span>
    </p>
   </div>
   <div class='ocr_carea' id='block_1_7' title="bbox 0 0 1322 3914">
    <p class='ocr_par' dir='ltr' id='par_1_7' title="bbox 0 0 1322 3914">
     <span class='ocr_line' id='line_1_35' title="bbox 0 0 1322 3914; baseline 0 3"><span class='ocrx_word' id='word_1_262' title='bbox 0 0 1322 3914; x_wconf 95' lang='lat' dir='ltr'><strong> </strong></span> 
     </span>
    </p>
   </div>
  </div>
 </body>
</html>
