2634 3914
205 218 245 284 72
530 215 561 266 o.
583 214 675 262 marr
696 213 866 263 causante
1046 229 1051 236 ·
1146 221 1184 265 rr.

244 373 292 427 16.
313 365 488 426 Germanico
514 365 590 424 bello
618 364 751 424 confecto
778 365 875 424 multis
902 363 938 424 de
966 365 1059 424 causis
1085 363 1188 424 Caesar

206 464 302 525 statuit
328 463 383 522 sibi
411 462 547 521 Rhenum
575 481 639 522 esse
666 463 888 533 transeundum
921 482 1042 541 quarum
1069 463 1117 522 illa
1140 463 1189 520 luit

204 561 367 632 iustissima,
386 561 474 637 quod,
495 578 562 618 cum
582 560 690 618 videret
709 559 874 620 Germanos
895 571 954 620 tam
973 560 1056 620 facile
1076 561 1189 636 impelli,

205 671 237 720 ut
256 659 287 717 in
307 656 432 717 Galliam
450 657 585 728 venirent,
601 658 660 716 suis
679 675 796 734 quoque
815 660 900 717 rebus
916 676 967 717 eos
981 659 1081 716 timere
1095 657 1189 728 voluit,

182 773 195 822 5
206 777 272 817 cum
285 758 482 834 intellegerent
492 765 521 814 et
531 771 617 832 posse
632 764 661 813 et
671 755 775 813 audere
786 755 886 831 populi
897 755 1025 814 Romani
1036 756 1190 814 exercitum

205 858 341 917 Rhenum
358 855 486 914 transire.
526 853 658 912 Accessit
678 854 774 926 etiam,
795 854 875 930 quod
895 855 942 912 illa
963 871 1029 931 pars
1050 854 1191 931 equitatus

205 956 360 1032 Usipetum
378 961 407 1012 et
426 951 643 1022 Tencterorum,
659 969 747 1028 quam
766 943 853 1028 supra
872 951 1097 1010 commemoravi
1110 969 1192 1028 prae-

208 1054 295 1112 dandi
311 1049 561 1126 immentandique
580 1066 667 1107 causa
686 1048 804 1107 Mosam
825 1051 959 1108 transisse
974 1068 1068 1126 neque
1082 1049 1192 1126 proelio

206 1149 374 1221 interfuisse,
395 1157 463 1225 post
485 1146 585 1222 fugam
604 1163 729 1228 'suorum
753 1163 784 1204 se
809 1156 888 1206 trans
913 1147 1050 1205 Rhenum
1071 1147 1101 1204 in
1121 1146 1193 1205 fines

164 1263 195 1299 ro
207 1249 432 1326 Sugambrorum
459 1253 607 1321 receperat
633 1261 722 1320 seque
751 1263 818 1303 cum
845 1246 881 1303 iis
909 1245 1104 1305 coniunxerat.
1145 1245 1195 1303 Ad

205 1363 280 1423 quos
298 1365 366 1405 curn
382 1343 491 1403 Cacsar
506 1342 624 1400 nuntios
643 1343 777 1414 misisset,
797 1343 846 1420 qui
865 1343 1052 1420 postularent,
1070 1360 1130 1414 eos,
1145 1342 1195 1419 qui

206 1445 260 1503 sibi
288 1442 457 1518 Galliaeque
484 1440 592 1498 bellurn
619 1439 788 1512 intulissent,
818 1442 872 1499 sibi
901 1441 1047 1514 dederent,
1074 1457 1196 1517 respon-

207 1543 325 1600 derunt:
354 1539 459 1616 Populi
487 1537 613 1596 Romani
640 1537 793 1614 imperium
821 1538 958 1598 Rhenum
985 1539 1083 1598 finire:
1113 1539 1137 1598 si
1163 1557 1196 1597 se

207 1639 296 1697 invito
310 1637 474 1697 Germanos
487 1636 517 1694 in
529 1634 653 1694 Galliam
666 1636 785 1694 transire
799 1655 860 1694 nou
874 1655 999 1713 aequum
1013 1638 1197 1708 existimaret,

167 1751 195 1801 15
210 1755 260 1795 cur
279 1735 322 1794 sui
341 1734 496 1811 quicquam
515 1752 579 1792 esse
597 1733 708 1809 imperii
727 1743 776 1792 aut
792 1735 942 1810 potestatis
961 1745 1040 1793 trans
1059 1733 1198 1792 Rhenum

209 1833 385 1912 postularet?
426 1831 495 1890 Ubii
525 1840 630 1902 autem,
662 1831 711 1908 qui
745 1831 796 1890 uni
826 1850 863 1890 ex
897 1831 1128 1891 Transrhenanis
1158 1833 1199 1890 ad

212 1931 366 1991 Caesarem
400 1927 511 2006 legatos
545 1929 691 2000 miserant,
724 1929 878 1988 amicitiam
912 1929 1047 2000 fecerant,
1081 1931 1200 1989 obsides

213 2029 360 2101 dederant,
380 2045 556 2104 magnopere
576 2028 705 2099 orabant,
724 2038 756 2085 ut
776 2029 830 2086 sibi
851 2029 987 2086 auxilium
1004 2028 1097 2099 ferret,
1117 2029 1202 2104 quod

213 2123 335 2202 graviter
358 2124 396 2181 ab
418 2121 520 2181 Suebis
545 2131 741 2198 premerentur
748 2140 757 2195 ;
784 2122 837 2193 vel,
858 2122 882 2181 si
906 2123 936 2181 id
957 2122 1050 2181 facere
1071 2141 1201 2198 occupa-

170 2243 201 2277 ιο
214 2222 338 2280 tionibus
359 2219 530 2295 reipublicae
551 2218 758 2294 prohiberetur,
777 2221 933 2278 exercitum
952 2220 1042 2279 modo
1062 2219 1203 2278 Rhenum

212 2327 432 2396 transportaret:
453 2317 483 2375 id
501 2317 556 2375 sibi
576 2317 614 2374 ad
632 2316 768 2374 auxilium
788 2335 928 2394 spemque
946 2317 1047 2394 reliqui
1061 2320 1203 2394 temporis

214 2417 282 2474 satis
302 2415 437 2473 futurum.
478 2413 607 2472 Tantum
627 2431 691 2471 esse
711 2431 820 2471 nomen
841 2423 927 2489 atque
947 2414 1117 2490 opinionem
1139 2415 1205 2474 eius

214 2513 355 2571 exereitus
382 2511 526 2570 Ariovisto
554 2511 637 2586 pulso
662 2520 691 2569 et
717 2511 775 2570 hoc
802 2513 958 2570 novissimo
986 2513 1097 2587 proelio
1122 2511 1205 2572 facto

215 2612 301 2669 etiam
328 2610 366 2668 ad
392 2609 505 2667 ultimas
533 2607 746 2668 Germanorum
773 2610 913 2681 nationes,
937 2609 979 2668 uti
1006 2611 1145 2686 opinione
1177 2621 1209 2669 et

172 2730 202 2777 25
217 2711 340 2770 amicitia
362 2709 462 2786 populi
487 2708 614 2767 Romani
639 2709 690 2767 tuti
718 2727 782 2768 esse
806 2710 927 2785 possint.
969 2707 1096 2767 Navium
1120 2729 1209 2788 mag·

216 2828 285 2868 nam
309 2809 426 2884 copiam
455 2807 492 2866 ad
521 2805 774 2881 transportandum
803 2807 960 2865 exercitum
984 2807 1210 2883 pollicebantur.

215 2915 261 2970 17.
283 2907 390 2966 Caesar
403 2907 447 2964 his
461 2905 497 2963 de
512 2905 613 2975 causis,
625 2922 697 2979 quas
711 2905 945 2977 commemoravi,
960 2905 1097 2964 Rhenum
1111 2917 1211 2966 trans·

215 3008 254 3064 ire
273 3005 453 3074 decreverat3
477 3003 529 3062 sed
547 3002 668 3060 navibus
686 3002 806 3060 transire
824 3021 918 3078 neque
939 3005 1007 3062 satis
1026 3014 1120 3061 tutum
1139 3022 1213 3063 esse

216 3104 411 3173 arbitrabatur,
439 3119 533 3176 neque
561 3117 629 3158 suae
656 3117 750 3174 neque
777 3101 877 3176 populi
905 3100 1031 3159 Romani
1058 3102 1215 3178 dignitatis

174 3221 206 3270 30
220 3220 284 3260 esse
298 3201 446 3259 statuebat.
488 3198 598 3274 Itaque,
610 3198 663 3255 etsi
678 3215 791 3255 summa
804 3198 953 3257 difficultas
968 3198 1091 3256 faciendi
1105 3202 1217 3275 pontis

217 3300 432 3378 proponebatur
445 3307 562 3373 propter
575 3295 763 3366 latitudinem,
775 3297 954 3371 rapiditatem
968 3297 1218 3374 altitudinemque

218 3396 352 3466 fluminis,
371 3405 467 3452 tamen
486 3395 515 3451 id
534 3395 587 3452 sibi
606 3394 841 3451 contendendum
862 3405 911 3452 aut
929 3395 1008 3452 aliter
1029 3413 1090 3452 non
1109 3397 1221 3454 tradu-

220 3492 344 3558 cendum
381 3493 536 3552 exercitum
573 3492 762 3550 existimabat.
804 3491 958 3550 Rationem
995 3493 1092 3569 pontis
1129 3492 1223 3554 hanc
