2634 3914
37 3589 50 3624 ir

214 240 254 304 68
532 256 561 306 c.
584 255 675 303 tumr
698 253 871 304 cassania
1147 247 1182 302 tu:

215 415 277 463 tum
290 405 484 482 proficiscitur.
525 405 571 464 Eo
591 424 657 464 cum
670 405 802 475 venisset,
817 423 851 463 ea
870 420 944 479 quae
965 401 1027 461 iore
1042 402 1187 478 suspicatus

215 513 275 560 erat
285 502 360 562 facta
370 503 522 579 cognovit:
544 504 647 562 missas
657 503 815 580 legationes
830 503 867 559 ab
881 501 1028 560 nonnullis
1043 500 1187 560 civitatibus

215 601 253 660 ad
276 601 440 660 Germanos
469 601 657 676 invitatosque
679 617 738 670 eos,
764 599 804 657 uti
826 598 863 656 ab
886 598 992 656 Rheno
1014 597 1187 668 discederent,

216 699 380 775 omniaque,
402 716 477 773 quae
500 697 701 774 postulassent,
721 697 757 755 ab
778 714 808 754 se
830 695 891 754 sore
911 704 1018 771 parata
994 692 1126 766 aQua
1143 711 1189 769 spe

188 797 332 864 5adducti
351 795 489 854 Germani
509 795 591 854 latius
611 795 787 876 vagabantur
806 802 834 852 et
854 793 885 851 in
899 793 972 852 fines
988 791 1152 850 Eburonum
1165 799 1190 849 et

217 893 443 963 Condrusorum,
464 893 513 968 qui
541 902 607 952 sunt
634 891 828 950 Treverorum
853 891 978 962 clientes,
1004 897 1189 966 pervenerant.

216 991 395 1076 Principibus
414 989 661 1049 Galliae'evocatis
676 989 784 1048 Caesar
798 1007 839 1059 ea,
856 1005 930 1066 quae
945 995 1125 1064 cognoverat,
1139 985 1190 1045 dis·

217 1089 375 1148 simulanda
399 1087 452 1146 sibi
480 1089 652 1146 existimavit
679 1105 836 1163 eorumque
865 1085 967 1144 animis
995 1085 1141 1162 permulsis
1166 1094 1193 1142 et

216 1187 390 1246 confirmatis
425 1186 608 1262 equitatuque
641 1185 780 1261 imperato
812 1184 918 1243 bellum
951 1202 1017 1242 cum
1048 1183 1194 1242 Germanis

174 1317 203 1350 10
216 1303 314 1360 gerere
328 1284 483 1342 constituit.
525 1289 553 1344 ¹7.
577 1283 622 1341 Re
632 1282 815 1341 frumentaria
825 1291 993 1357 comparata
1003 1281 1195 1358 equitibusque

215 1382 332 1441 delectis
356 1383 408 1440 iter
432 1382 463 1438 in
485 1399 520 1439 ea
543 1380 608 1440 loca
628 1381 721 1438 facere
742 1381 846 1456 coepit,
868 1380 972 1455 quibus
992 1379 1023 1437 in
1042 1379 1113 1438 locis
1135 1396 1197 1436 esse

216 1480 378 1540 Germanos
395 1479 536 1538 audiebat.
578 1479 607 1536 A
628 1479 731 1554 quibus
753 1495 819 1535 cum
840 1495 999 1553 paucorum
1017 1476 1127 1535 dierum
1146 1476 1199 1534 iter

215 1579 336 1647 abesset,
361 1577 447 1653 legati
471 1577 508 1634 ab
531 1575 576 1634 his
600 1584 746 1646 venerunt,
770 1592 894 1650 quorum
918 1575 989 1633 haec
1017 1575 1069 1632 suit
1093 1574 1198 1633 oratio:

189 1708 195 1755 1
216 1674 379 1734 Germanos
406 1692 500 1750 neque
526 1674 635 1751 priores
663 1673 771 1750 populo
800 1673 936 1731 Romano
964 1671 1070 1730 bellum
1097 1671 1201 1730 inferre

173 1795 201 1843 15
215 1790 309 1848 neque
323 1783 419 1830 tamen
437 1790 575 1843 recusare,
590 1772 614 1830 si
627 1771 810 1843 lacessantur,
826 1771 895 1846 quin
914 1771 1001 1828 annis
1015 1770 1201 1840 contendant,

215 1869 293 1946 quod
314 1869 525 1928 Germanorum
546 1868 725 1928 consuetudo
746 1868 782 1926 sit
800 1887 818 1926 a
835 1869 991 1926 maioribus
1010 1869 1119 1938 tradita,
1139 1869 1205 1945 qui-

215 1986 338 2044 cumque
362 1967 468 2025 bellum
495 1966 626 2036 inferant,
649 1968 779 2024 resistere
803 1984 897 2041 neque
920 1966 1074 2042 deprecari.
1117 1966 1205 2027 Haec

214 2075 311 2123 tamen
324 2065 428 2135 dicere,
442 2064 554 2122 venisse
568 2064 679 2134 invitos,
695 2064 801 2122 eiectos
816 2064 905 2122 domo
913 2083 921 2136 ;
944 2064 967 2122 si
982 2081 1065 2122 suam
1079 2066 1207 2140 gratiam

214 2163 341 2220 Romani
357 2162 451 2232 velint,
468 2179 554 2236 posse
576 2161 610 2220 iis
632 2161 714 2220 utiles
737 2179 800 2220 esse
823 2162 948 2234 amicos;
976 2161 1021 2222 vel
1043 2163 1096 2221 sibi
1115 2181 1209 2238 agros

172 2283 202 2318 20
215 2259 367 2318 attribuant
385 2258 430 2316 vel
447 2259 589 2333 patiantur
611 2275 662 2316 eos
683 2268 788 2330 tenere,
802 2275 877 2333 quos
898 2259 984 2318 armis
1005 2259 1209 2335 possederint:

215 2375 278 2415 sese
292 2357 357 2414 unis
373 2355 475 2413 Suebis
489 2355 656 2425 concedere,
671 2355 774 2430 quibus
789 2375 825 2413 ne
841 2355 879 2412 dii
894 2356 1010 2431 quidem
1025 2357 1212 2417 immortales

215 2473 298 2530 pares
312 2471 375 2512 esse
389 2453 501 2528 possint
508 2471 516 2525 ;
538 2453 679 2528 reliquum
693 2452 810 2529 quidem
823 2454 854 2510 in
868 2453 949 2512 terris
966 2473 1029 2512 esse
1043 2456 1212 2527 neminem,

216 2569 303 2626 quem
325 2568 385 2608 non
410 2567 544 2625 superare
564 2550 683 2624 possint.
727 2557 755 2609 8.
777 2551 825 2609 Ad
849 2551 921 2610 haec
943 2570 1017 2628 quae
1040 2553 1136 2610 visum
1165 2565 1217 2612 est

216 2647 323 2706 Caesar
342 2646 490 2722 respondit
497 2665 504 2719 ;
534 2647 585 2705 sed
613 2649 704 2706 exitus
731 2648 782 2706 fuit
810 2649 963 2708 orationis:
1007 2648 1067 2707 Sibi
1093 2651 1219 2709 nullam

173 2767 202 2816 25
216 2764 282 2804 cum
296 2744 339 2804 his
354 2745 507 2803 amicitiam
521 2763 584 2803 esse
595 2762 690 2820 posse,
702 2746 726 2803 si
740 2745 770 2802 in
784 2745 878 2804 Gallia
888 2756 1084 2820 remanerent3
1107 2767 1221 2826 neque

215 2862 314 2902 verum
328 2860 400 2914 esse,
415 2843 464 2918 qui
483 2859 551 2900 suos
566 2842 638 2900 fines
652 2843 723 2900 tueri
740 2860 800 2900 non
818 2845 971 2920 potuerint,
985 2845 1095 2903 alienos
1117 2865 1224 2904 occu-

215 2959 300 3019 pare;
328 2958 423 3016 neque
444 2939 517 2998 ullos
539 2940 569 2997 in
594 2939 687 2999 Gallia
708 2959 808 2999 vacare
832 2959 926 3017 agros,
948 2943 997 3020 qui
1021 2943 1082 3000 dari
1106 2953 1226 3002 tantae

214 3038 383 3115 praesertim
409 3037 582 3096 multitudini
609 3038 671 3096 sine
699 3039 801 3096 iniuria
828 3041 958 3116 possint3
984 3041 1036 3098 sed
1058 3040 1165 3113 licere,
1197 3044 1229 3101 si

214 3137 307 3208 velint,
321 3136 352 3194 in
365 3135 508 3193 Ubiorum
521 3135 626 3193 finibus
640 3136 799 3208 considere,
814 3155 938 3212 quorum
952 3138 1009 3196 sint
1023 3138 1112 3212 legati
1128 3141 1232 3216 apud

172 3255 203 3303 30
215 3251 246 3292 se
267 3233 342 3293 etde
358 3233 520 3292 Sueborum
534 3234 641 3292 iniuriis
655 3244 808 3310 querantur
821 3245 849 3292 et
863 3254 881 3292 a
895 3253 926 3293 se
938 3236 1073 3293 auxilium
1085 3247 1231 3312 petant:

216 3331 272 3390 hoc
286 3349 317 3390 se
337 3330 420 3389 Ubiis
438 3331 651 3407 imperaturum.
695 3338 726 3390 9.
748 3331 849 3408 Legati
862 3333 934 3391 haec
949 3352 980 3392 se
995 3333 1032 3391 ad
1047 3352 1119 3392 suos
1138 3336 1234 3394 rela-

217 3439 296 3487 turos
310 3427 442 3486 dixerunt
451 3438 479 3486 et
492 3447 523 3486 re
538 3428 691 3486 deliberata
704 3441 771 3504 post
782 3431 859 3488 diem
869 3432 983 3488 tertium
997 3431 1034 3490 ad
1046 3430 1236 3491 Caesarem

218 3541 397 3584 reversuros:
418 3525 525 3584 interea
543 3543 580 3582 ne
598 3526 716 3602 propius
738 3545 768 3587 se
783 3538 875 3588 castra
894 3537 1029 3600 moveret,
1048 3528 1235 3605 petierunt.
