2652 3928
182 201 243 284 198
357 226 370 260 .·
466 224 468 228 ·
576 212 757 263 auran-rr
931 219 933 223 ·
1101 217 1173 264 vm.

182 362 341 424 civitatibus
362 361 486 422 Fabium
508 363 704 438 consequitur.
746 361 824 422 Nam
842 362 993 434 Carnutes,
1016 359 1066 437 qui
1087 379 1175 437 saepe

180 461 274 519 vexati
295 478 456 538 numquam
476 460 557 536 pacis
576 459 704 519 fecerant
723 460 910 532 mentionem,
931 460 1004 519 datis
1025 458 1175 518 obsidibus

181 559 299 617 veniunt
336 559 367 616 in
404 558 590 627 deditionem,
627 568 796 635 ceteraeque
831 558 958 616 civitates
996 557 1108 633 positae
1145 556 1175 613 in

181 655 288 715 ultimis
317 655 428 716 Galliae
452 655 567 726 finibus,
593 655 715 715 Oceano
744 656 923 726 coniunctae,
949 673 1024 730 quae
1051 654 1175 712 Aremo-

154 755 256 820 5ricae
285 753 473 830 appellantur,
498 754 667 814 auctoritate
695 753 836 812 adductae
860 752 1022 826 Carnutum
1050 751 1176 811 adventu

181 851 262 908 Fabii
283 851 492 929 legionumque
514 849 654 929 imperata
673 853 735 910 sine
750 869 832 909 mora
846 850 962 910 faciunt.
1004 849 1176 908 Dumnacus

182 949 240 1007 suis
271 947 376 1006 finibus
407 947 544 1024 expulsus
578 966 676 1007 errans
711 949 882 1024 latitansque
919 948 999 1007 solus
1033 956 1176 1007 extremas

183 1045 293 1104 Galliae
316 1046 451 1122 regiones
472 1056 570 1122 petere
592 1056 636 1106 est
659 1056 785 1106 coactus.

223 1150 273 1203 32.
295 1143 335 1202 At
357 1143 492 1221 Drappes
514 1162 631 1220 unaque
649 1144 799 1204 Lucterius
819 1163 887 1204 cum
908 1143 1040 1221 legiones
1058 1142 1176 1203 Canini-

140 1266 169 1300 ιο
181 1260 289 1319 umque
319 1242 421 1302 adesse
454 1253 667 1318 cognoscerent
698 1261 754 1302 nec
784 1261 816 1302 se
847 1243 910 1301 sine
941 1251 1020 1301 certa
1050 1242 1176 1319 pernicie

181 1351 372 1416 persequente
391 1341 517 1400 exercitu
536 1349 670 1416 putarent
688 1341 854 1416 provinciae
869 1341 942 1399 fines
961 1341 1066 1399 intrare
1087 1357 1176 1416 posse

182 1457 236 1496 nec
256 1440 315 1496 iam
335 1439 423 1497 libere
443 1438 567 1514 vagandi
581 1438 857 1514 latrociniorumque
871 1438 1072 1498 faciendorum
1087 1437 1177 1496 facul·

182 1545 272 1594 tatem
307 1536 455 1607 haberent,
488 1535 518 1592 in
549 1535 655 1594 finibus
687 1535 849 1595 consistunt
880 1535 1088 1595 Cadurcorum.
1130 1534 1176 1592 Ibi

183 1652 250 1692 cum
278 1632 427 1692 Lucterius
456 1631 535 1709 apud
563 1649 631 1692 suos
660 1633 737 1692 cives
765 1632 914 1709 quondam
945 1633 1062 1708 integris
1089 1633 1177 1690 rebus

140 1752 168 1802 1⁵
183 1733 306 1790 multum
332 1731 474 1807 potuisset
501 1749 672 1808 semperque
699 1741 798 1790 auctor
822 1748 965 1789 novorum
989 1731 1177 1791 consiliorum

183 1848 322 1906 magnam
354 1829 436 1906 apud
469 1830 608 1890 barbaros
643 1829 843 1888 auctoritatem
876 1829 1005 1901 haberet,
1035 1829 1178 1906 oppidum

183 1926 410 1998 Uxellodunum,
432 1927 513 2002 quod
534 1927 564 1984 in
585 1926 715 1985 clientela
736 1925 827 1986 fuerat
847 1927 917 1997 eius,
939 1928 1054 2002 egregie
1075 1937 1178 1986 natura

183 2025 240 2084 loci
255 2025 406 2096 munitum,
420 2034 546 2100 occupat
560 2025 619 2082 suis
634 2033 662 2080 et
676 2023 832 2099 Drappetis
847 2025 939 2100 copiis
954 2024 1178 2100 oppidanosque

184 2123 238 2181 sibi
266 2123 422 2198 coniungit.
465 2128 516 2180 33.
538 2120 606 2193 Quo
635 2139 702 2180 cum
732 2121 887 2181 confestim
916 2120 1008 2180 Gaius
1036 2120 1177 2180 Caninius

141 2222 308 2280 revenisset
336 2219 630 2295 animadverteretque
655 2237 759 2278 omnes
787 2219 887 2296 oppidi
914 2230 1011 2296 partes
1038 2238 1177 2295 praerup-

185 2320 302 2378 tissimis
330 2321 407 2378 saxis
435 2337 499 2378 esse
526 2318 661 2388 munitas,
686 2335 746 2394 quo
775 2317 948 2378 defendente
975 2318 1055 2377 nullo
1080 2327 1178 2376 tamen

184 2418 301 2478 armatis
320 2418 476 2478 ascendere
495 2428 570 2476 esset
590 2417 712 2488 difficile,
728 2435 836 2494 magna
854 2427 951 2476 autem
969 2418 1179 2494 impedimenta

184 2517 398 2592 oppidanorum
422 2515 538 2585 videret,
564 2533 638 2591 quae
663 2515 689 2574 si
713 2515 891 2575 clandestina
914 2515 983 2592 fuga
1011 2515 1177 2574 subtrahere

184 2625 365 2685 conarentur,
386 2615 513 2689 effugere
534 2631 595 2672 non
615 2613 706 2672 modo
727 2615 894 2690 equitatum,
916 2614 969 2673 sed
989 2633 1027 2673 ne
1047 2614 1177 2690 legiones

140 2733 169 2782 25
184 2712 302 2788 quidem
332 2721 461 2788 possent,
489 2711 629 2787 tripertito
658 2711 825 2771 cohortibus
857 2711 954 2770 divisis
982 2713 1057 2771 trina
1084 2713 1177 2770 excel·

184 2809 298 2868 sissimo
329 2809 395 2867 loco
426 2819 519 2868 castra
549 2807 632 2878 fecit;
670 2827 689 2867 a
721 2809 826 2884 quibus
859 2808 1005 2884 paulatim,
1037 2819 1177 2885 quantum

184 2907 287 2983 copiae
322 2906 510 2982 patiebantur,
546 2906 652 2964 vallum
686 2907 717 2964 in
751 2906 853 2984 oppidi
888 2905 1038 2965 circuitum
1072 2906 1177 2966 ducere

184 3004 312 3064 instituit.
365 3010 416 3064 34.
439 3003 529 3076 Quod
554 3021 622 3064 eum
642 3003 901 3064 animadverterent
921 3005 1062 3081 oppidani
1076 3005 1177 3063 miser-

185 3103 315 3179 rimaque
330 3103 443 3162 Alesiae
458 3103 600 3162 memoria
617 3103 729 3162 solliciti
747 3102 870 3160 similem
884 3121 984 3162 casum
999 3103 1177 3162 obsessionis

141 3224 173 3272 30
185 3211 357 3272 vererentur,
376 3201 560 3276 maximeque
582 3218 617 3258 ex
638 3201 774 3258 omnibus
796 3199 954 3272 Lucterius,
974 3201 1024 3276 qui
1044 3199 1177 3259 fortunae

185 3299 259 3358 illius
289 3298 448 3375 periculum
475 3296 589 3365 fecerat,
618 3304 749 3354 moneret
778 3295 911 3356 frumenti
940 3298 1082 3356 rationem
1112 3316 1176 3358 esse

184 3399 358 3470 habendam,
384 3397 561 3456 constituunt
584 3395 717 3453 omnium
741 3413 887 3456 consensu
911 3406 991 3473 parte
1015 3398 1055 3456 ibi
1079 3397 1177 3458 relicta

186 3497 335 3570 copiarum
360 3495 415 3569 ipsi
439 3511 506 3552 cum
531 3492 671 3568 expeditis
696 3494 734 3551 ad
758 3494 975 3570 importandum
999 3494 1177 3554 frumentum

184 3591 338 3670 proficisci.
379 3589 425 3648 Eo
460 3589 580 3648 consilio
613 3591 738 3666 probato
772 3593 906 3667 proxima
939 3604 1026 3651 nocte
1061 3593 1177 3653 duobus
