2652 3928
187 194 248 259 208
319 209 355 258 A.
377 207 500 258 mnrrr
520 211 566 258 mr
585 211 680 262 narr.
707 209 806 258 carr.
831 207 942 260 comm
969 211 1047 264 vrri.

186 367 215 416 et
243 357 339 421 Crassi
366 361 500 421 retulerat
524 370 590 421 ante
615 371 730 440 tempus
753 361 791 420 ad
819 374 951 422 senatum
979 359 1017 422 de
1046 363 1198 434 Caesaris¹

186 458 349 532 provinciis
371 460 576 535 sententiisque
602 459 684 518 dictis
713 461 920 519 discessionem
948 461 1071 521 faciente
1099 462 1180 519 Mar·

187 556 268 627 cello,
304 557 353 632 qui
389 557 443 616 sibi
478 575 597 616 omnem
632 557 803 632 dignitatem
837 575 874 616 ex
909 555 1042 618 Caesaris
1075 560 1182 618 invidia

187 655 351 728 quaerebat,
366 664 483 712 senatus
504 654 640 730 frequens
661 655 692 712 in
712 655 767 712 alia
787 657 887 714 omnia
907 657 1025 715 transiit.
1067 655 1182 728 Quibus

156 769 247 822 ,anon
268 751 473 826 frangebantur
494 753 582 811 animi
602 753 785 812 inimicorum
806 753 947 824 Caesaris,
967 753 1018 812 sed
1041 755 1181 814 admone·

186 851 299 919 bantur,
314 867 373 925 quo
387 851 511 908 maiores
525 860 659 927 pararent
672 851 866 921 necessitates,
882 852 987 927 quibus
1001 853 1067 928 cogi
1081 863 1182 928 posset

186 956 303 1005 senatus
317 947 347 1005 id
360 949 492 1023 probare,
508 947 588 1023 quod
601 947 656 1024 ipsi
674 949 899 1006 constituissent.
942 955 995 1008 54.
1017 949 1063 1009 Fit
1076 949 1182 1008 deinde

186 1044 475 1117 senatusconsultum)
502 1055 534 1103 ut
567 1045 604 1103 ad
636 1045 743 1123 bellum
775 1045 941 1104 Parthicum
968 1046 1046 1122 legio
1073 1065 1132 1106 una
1164 1067 1182 1106 a

187 1143 241 1202 Cn.
256 1143 406 1218 Pompeio,
421 1144 510 1202 altera
523 1161 541 1201 a
556 1141 589 1201 C.
602 1141 727 1203 Caesare
744 1144 919 1218 mitteretur3
942 1163 1036 1222 neque
1057 1147 1181 1205 obscure
1254 1131 1256 1133 ¹

142 1241 259 1304 10duae
280 1242 409 1317 legiones
430 1241 481 1298 uni
503 1239 696 1300 detrahuntur.
738 1240 817 1299 Nam
838 1241 893 1302 Cn.
911 1241 1069 1319 Pompeius
1089 1244 1181 1319 legio-

185 1355 254 1394 nem
282 1339 415 1414 primam,
442 1355 530 1414 quam
558 1337 595 1395 ad
623 1336 778 1396 Caesarem
806 1339 930 1410 miserat,
956 1339 1119 1400 confectam
1144 1359 1182 1400 ex

185 1435 299 1494 delectu
319 1436 483 1512 provinciae
508 1435 650 1508 Caesaris,
672 1454 737 1494 earn
755 1446 905 1512 tamquam
926 1455 962 1496 ex
984 1455 1038 1496 suo
1058 1456 1181 1498 numero

186 1533 269 1592 dedit.
314 1532 423 1592 Caesar
450 1542 557 1603 tamen,
580 1551 647 1591 cum
676 1533 712 1592 de
740 1535 886 1594 voluntate
913 1535 1033 1598 minime
1060 1535 1181 1595 dubium

185 1640 262 1690 esset
289 1631 517 1689 adversariorum
541 1649 669 1702 suorum,
690 1631 833 1709 Pompeio
854 1627 1000 1710 legionem
1021 1636 1130 1694 remisit
1152 1645 1181 1693 et

142 1755 171 1805 15
185 1745 238 1785 suo
273 1729 392 1786 nomine
425 1727 711 1803 quintamdecimam,
740 1748 828 1805 quam
858 1731 889 1789 in
923 1731 1018 1790 Gallia
1049 1733 1180 1792 citeriore

184 1825 331 1896 habuerat,
357 1844 393 1886 ex
419 1827 669 1887 senatusconsulto
697 1828 777 1886 iubet
803 1828 884 1887 tradi.
928 1829 964 1887 in
992 1830 1053 1888 eins
1080 1830 1180 1890 locum

184 1923 440 1982 tertiamdecimam
462 1924 609 2000 legionem
629 1926 660 1982 in
681 1925 794 1984 Italiam
819 1927 912 1999 mittit,
937 1945 1013 2002 quae
1036 1929 1180 2004 praesidia

184 2032 318 2094 tueretur,
346 2041 382 2081 ex
418 2023 522 2099 quibus
550 2024 699 2099 praesidiis
732 2025 946 2101 quintadecima
974 2026 1178 2086 deducebatur.

141 2249 172 2284 πο
184 2219 270 2278 nibus
293 2228 429 2295 quattuor
448 2220 479 2277 in
500 2218 603 2295 Belgio
625 2219 755 2291 collocat,
771 2219 803 2279 C.
826 2219 949 2279 Fabium
970 2239 1037 2280 cum
1057 2222 1179 2281 totidem

182 2318 214 2374 in
241 2317 361 2377 Aeduos
386 2316 511 2375 deducit
553 2317 600 2375 Sic
622 2318 700 2376 enim
721 2318 902 2377 existimabat
923 2320 1095 2379 tutissimam
1116 2321 1179 2380 fore

185 2415 318 2487 Galliam,
338 2416 363 2474 si
381 2413 499 2490 Belgae,
521 2433 645 2492 quorum
665 2416 793 2474 maxima
813 2417 908 2490 virtus,
931 2417 1035 2491 Aedui,
1054 2437 1179 2496 quorum

185 2514 338 2572 auctoritas
360 2531 474 2572 summa
495 2521 580 2582 esset,
602 2514 774 2574 exercitibus
795 2516 1016 2574 continerentur.
1059 2517 1128 2594 Ipse
1149 2519 1179 2577 in

184 2611 296 2670 Italiam
324 2609 470 2686 profectus
498 2619 551 2669 est.
601 2615 652 2670 55.
676 2610 744 2682 Quo
772 2631 839 2672 cum
867 2615 999 2686 venisset,
1027 2617 1179 2692 cognoscit

141 2739 171 2789 25
185 2727 237 2786 per
261 2708 295 2770 C.
317 2707 487 2767 Marcellum
508 2707 657 2767 consulem
677 2708 806 2786 legiones
827 2711 899 2770 duas
923 2713 960 2769 ab
981 2731 1012 2770 se
1032 2715 1177 2786 remissas,

185 2826 259 2883 quae
287 2825 324 2866 ex
351 2805 601 2864 senatusconsulto
635 2806 772 2865 deberent
804 2808 843 2866 ad
875 2805 1040 2868 Parthicum
1069 2812 1178 2873 bellum

185 2906 259 2977 duci,
287 2905 340 2964 Cn.
370 2904 511 2980 Pompeio
536 2904 653 2962 traditas
677 2913 762 2978 atque
786 2905 817 2962 in
841 2903 925 2962 Italia
951 2916 1075 2966 retentas
1102 2927 1176 2969 esse.

185 3003 254 3062 Hoc
278 3002 355 3061 facto
380 3019 556 3078 quamquam
583 3001 653 3059 nulli
675 3012 735 3060 erat
762 3001 890 3074 dubium,
913 3004 1052 3079 quidnam
1075 3017 1177 3068 contra

186 3101 342 3161 Caesarem
369 3109 523 3176 pararetur,
552 3108 650 3158 tamen
681 3097 788 3158 Caesar
822 3101 921 3159 omnia
947 3101 1083 3176 patienda
1111 3123 1176 3165 esse

139 3231 172 3282 30
185 3199 290 3269 statuit,
320 3197 418 3274 quoad
446 3197 499 3255 sibi
527 3213 594 3272 spes
622 3197 718 3272 aliqua
749 3195 955 3272 relinqueretur
986 3199 1045 3259 iure
1078 3201 1176 3278 potius

184 3295 363 3377 disceptandi
377 3313 465 3374 quam
478 3293 545 3352 belli
559 3293 687 3369 gerundi.
731 3291 887 3356 Contendit
901 3337 930 3358 ..
945 3335 978 3360 0·
