2634 3914
151 215 268 280 6-10,
362 229 410 277 aa
430 230 540 278 sacco
563 227 713 278 alarico
736 228 844 278 coum
871 228 934 276 vrr.
1080 231 1141 298 ¹39

149 376 286 436 latissime
321 377 436 454 possint
469 386 608 453 vagentur
642 385 671 437 et
702 395 789 453 quam
820 357 979 434 maximum
1008 372 1140 436 hostibus

150 483 289 533 terrorem
320 473 450 533 inierant.
492 473 628 534 Celeriter
670 473 743 532 haec
778 472 856 532 fama
892 490 927 532 ac
961 471 1068 530 nuntiis
1102 470 1141 529 ad

149 569 417 648 Vercingetorigem
432 573 628 648 perferuntur:
648 589 736 648 quem
749 570 889 647 perterriti
903 587 1006 630 omnes
1020 569 1141 628 Arverni

129 743 133 748 ι
149 669 362 728 circumsistunt
377 679 463 748 atque
476 671 637 741 obsecrant,
651 679 683 728 ut
702 669 760 728 suis
778 667 898 728 fortunis
920 667 1059 738 consulat,
1080 685 1139 725 neu

148 783 180 824 se
203 766 241 825 ab
265 767 395 827 hostibus
417 767 501 843 diripi
520 768 651 843 patiatur,
665 767 832 842 praesertim
847 784 915 826 cum
935 765 1030 824 videat
1049 781 1137 822 omne
1153 778 1167 830 5

149 863 188 922 ad
215 882 246 922 se
267 865 374 923 bellum
395 865 572 924 translatum.
614 863 748 936 Quorum
770 863 815 924 ille
836 864 970 940 precibus
990 871 1138 938 permotus

148 971 242 1020 castra
256 981 292 1020 ex
306 943 482 1038 Biturigibus
496 971 594 1022 movet
607 964 637 1022 in
652 963 799 1022 Arvernos
812 979 918 1020 versus.
962 967 991 1020 9.
1015 960 1054 1018 At
1065 957 1138 1017 Cae·

148 1076 195 1116 ear
208 1060 328 1118 biduum
339 1061 369 1118 in
383 1059 428 1122 his
442 1061 514 1119 locis
527 1071 665 1130 moratus,
676 1059 755 1136 quod
769 1059 841 1120 haec
852 1060 888 1118 de
899 1057 1137 1133 Vercingetorige

147 1173 203 1214 usu
222 1168 341 1217 ventura
360 1159 498 1235 opinione
519 1167 712 1234 praeceperat,
732 1175 783 1233 per
804 1174 922 1216 causam
943 1154 1135 1231 supplementi

148 1254 349 1331 equitatusque
373 1255 497 1330 cogendi
519 1257 556 1314 ab
578 1255 705 1314 exercitu
729 1255 858 1325 discedit,
881 1253 1002 1312 Brutum
1023 1252 1136 1312 adules·
1152 1273 1183 1310 ro

147 1359 261 1410 centem
279 1351 324 1412 his
342 1353 434 1428 copiis
455 1353 598 1428 praeficit;
619 1352 697 1412 hunc
716 1361 824 1423 monet,
838 1362 870 1410 ut
884 1352 913 1408 in
932 1350 1028 1410 omnis
1041 1359 1137 1424 partes

146 1449 258 1525 equites
282 1468 370 1526 quam
394 1450 531 1510 latissime
555 1460 762 1526 pervagentur:
791 1450 924 1508 daturum
952 1465 983 1506 se
1007 1465 1136 1523 operam,

146 1563 184 1603 ne
211 1544 326 1620 longius
353 1547 448 1606 triduo
477 1549 514 1606 ab
539 1549 638 1608 castris
662 1548 744 1608 absit.
786 1546 842 1606 His
865 1545 1027 1606 constitutis
1050 1545 1136 1604 rebus

146 1643 206 1702 suis
226 1642 443 1718 inopinantibus
462 1663 550 1722 quam
563 1645 698 1706 maximis
717 1653 813 1721 potest
826 1644 974 1704 itineribus
988 1642 1135 1700 Viennam

145 1741 282 1814 pervenit.
344 1740 389 1800 lbi
415 1751 518 1801 nactus
546 1752 692 1802 recentem
718 1743 885 1819 equitatum,
917 1758 1005 1817 quem
1038 1739 1135 1799 multis
1151 1761 1179 1811 15

145 1847 212 1896 ante
241 1838 341 1898 diebus
362 1856 398 1900 eo
420 1840 614 1916 praemiserat,
634 1857 729 1915 neque
750 1840 853 1898 diurno
877 1855 971 1915 neque
992 1847 1134 1897 nocturno

145 1935 243 1994 itinere
258 1936 421 1996 intermisso
436 1955 487 2013 per
501 1937 574 1996 fines
588 1937 757 1996 Aeduorum
771 1937 801 1994 in
815 1936 964 2012 Lingones
979 1936 1135 2008 contendit,

144 2033 194 2092 ubi
214 2034 288 2092 duae
305 2034 435 2109 legiones
454 2035 628 2104 hiemabant,
642 2043 682 2104 ut,
698 2034 721 2092 si
737 2033 806 2110 quid
820 2035 906 2092 etiam
921 2034 958 2092 de
973 2051 1026 2094 sua
1044 2033 1134 2092 salute

144 2132 182 2188 ab
201 2131 311 2190 Aeduis
330 2132 448 2190 iniretur
467 2132 585 2202 consilii,
606 2131 748 2190 celeritate
769 2140 971 2207 praecurreret.
1005 2130 1051 2188 Eo
1066 2148 1132 2188 cunr

143 2229 328 2302 pervenisset,
350 2230 388 2290 ad
409 2229 533 2306 reliquas
557 2229 688 2306 legiones
709 2229 795 2288 mittit
818 2229 955 2304 priusque
976 2245 1079 2288 omnes
1103 2228 1133 2286 in
1149 2252 1181 2288 ιο

143 2344 234 2385 unum
251 2327 348 2386 locum
367 2329 454 2404 cogit,
469 2347 557 2406 quam
578 2329 615 2387 de
635 2329 697 2387 eius
719 2327 843 2386 adventu
857 2327 993 2384 Arvernis
1012 2326 1134 2384 nuntiari

143 2425 242 2499 possit
287 2425 355 2484 Hac
379 2444 409 2483 re
432 2421 549 2502 cognita
571 2425 791 2501 Vercingetorix
815 2442 913 2484 rursus
937 2425 968 2482 in
990 2424 1134 2500 Bituriges

144 2521 301 2580 exercitum
322 2523 432 2581 reducit
453 2533 539 2599 atque
560 2523 627 2582 inde
647 2522 794 2598 profectus
815 2522 1024 2598 Gorgobinam,
1047 2521 1134 2582 Boio-

141 2639 206 2678 rum
236 2621 386 2696 0ppidum,
415 2638 489 2696 quos
518 2621 557 2679 ibi
586 2621 738 2680 Helvetico
768 2622 879 2697 proelio
908 2621 1000 2680 victos
1028 2619 1135 2680 Caesar

141 2717 331 2776 collocaverat
371 2718 539 2792 Aeduisque
581 2719 753 2790 attribuerat,
792 2736 964 2795 oppugnare
1005 2720 1134 2776 instituit.
1150 2740 1179 2787 25

140 2821 188 2874 10.
211 2815 353 2891 Magnam
380 2814 453 2874 haec
480 2833 527 2875 res
555 2814 672 2875 Caesari
698 2817 892 2878 difficultatem
920 2818 958 2876 ad
982 2817 1134 2876 consilium

139 2913 317 2987 capiendum
342 2913 487 2984 afferebat,
513 2915 536 2972 si
560 2915 699 2990 reliquam
723 2924 834 2989 partem
859 2914 961 2974 hiemis
985 2931 1045 2972 uno
1068 2914 1134 2973 loco

138 3011 270 3086 legiones
295 3012 462 3083 contineret,
486 3031 523 3070 ne
548 3012 739 3087 stipendiariis
763 3012 933 3072 Aeduorum
960 3012 1134 3088 expugnatis

138 3117 244 3167 cuncta
258 3107 353 3168 Gallia
370 3110 512 3181 deficeret,
526 3109 607 3186 quod
621 3110 730 3168 nullum
749 3111 850 3170 amicis
864 3111 894 3168 in
908 3127 944 3168 eo
959 3110 1134 3185 praesidium

137 3207 248 3264 videret
268 3208 395 3282 positum
417 3226 498 3266 esse:
521 3209 544 3266 si
565 3209 703 3266 maturius
724 3227 761 3266 ex
782 3209 910 3266 hibernis
930 3208 1073 3278 educeret,
1095 3227 1131 3266 ne
1147 3230 1179 3278 30

137 3306 175 3361 ab
190 3323 221 3362 re
236 3304 420 3364 frumentaria
440 3306 518 3365 duris
538 3307 772 3366 subvectionibus
791 3306 942 3364 laboraret.
985 3305 1132 3366 Praestare

135 3403 229 3460 visum
258 3413 300 3460 est
328 3414 427 3462 tamen
455 3403 550 3461 omnis
580 3403 758 3461 difficultates
789 3404 908 3479 perpeti,
937 3422 1025 3479 quam
1053 3414 1131 3463 tanta

135 3500 312 3558 contumelia
342 3510 462 3578 accepta
494 3501 626 3559 omnium
657 3518 775 3560 suorum
809 3501 968 3562 voluntates
997 3503 1129 3565 alienare.
