2606 3934
219 171 261 242 34
370 179 375 192 ·
525 161 555 212 C.
578 163 670 210 IULII
694 161 868 212 CAESARIS
1168 165 1206 214 11.

215 310 299 369 misit.
341 310 417 388 Ipse,
438 331 506 372 cum
530 313 656 389 primum
680 313 778 388 pabuli
798 313 883 391 copia
908 331 973 373 esse
999 311 1146 388 inciperet,
1168 311 1206 370 ad

215 409 369 467 exercitum
407 411 491 468 venit.
540 409 600 468 Dat
636 411 785 486 negotium
825 410 989 470 Senonibus
1031 408 1205 486 reliquisque

216 505 314 577 Gallie,
342 507 393 583 qui
419 507 532 565 finitimi
560 507 658 585 Belgis
686 517 775 578 erant,
804 508 846 567 uti
874 526 919 579 ea,
946 527 1021 585 quae
1049 507 1127 584 apud
1154 524 1205 565 eos

138 601 140 604 ’
214 614 358 680 gerantur,
376 613 557 680 cognoscant
578 622 666 680 seque
688 604 724 663 de
745 605 790 664 his
811 607 897 664 rebus
919 607 1071 665 certiorem
1092 604 1205 664 saciant.

187 701 257 770 5Hi
281 711 447 760 constanter
470 719 574 761 omnes
598 703 800 762 nuntiaverunt
823 721 928 762 manus
953 703 1028 779 cogi,
1050 702 1206 762 exercitum

214 801 244 858 in
279 818 369 858 unum
403 800 501 858 locum
533 799 667 858 conduci.
708 800 788 858 Tum
822 819 890 859 vero
926 801 1116 860 dubitandum
1146 817 1208 857 non

216 898 393 969 existimavit,
422 898 491 974 quin
525 897 562 956 ad
590 916 641 957 eos
672 899 909 974 proficisceretur.
951 898 997 957 Re
1024 897 1209 956 frumentaria

216 1005 382 1071 comparata
409 1003 503 1054 castra
529 1005 628 1054 movet
656 997 817 1072 diebusque
842 997 953 1056 circiter
981 995 1147 1072 quindecim
1171 993 1210 1050 ad

212 1093 289 1152 fines
303 1093 457 1169 Belgarum
472 1093 608 1169 pervenit.
651 1099 680 1152 3.
702 1092 748 1151 Eo
763 1111 830 1151 cum
850 1094 886 1153 de
900 1094 1058 1170 improviso
1076 1092 1209 1150 celerius-

174 1215 204 1250 10
217 1210 273 1268 que
292 1191 372 1250 omni
392 1191 532 1267 opinione
553 1191 685 1262 venisset,
708 1190 803 1262 Remi,
825 1193 875 1268 qui
894 1191 1018 1268 proximi
1040 1190 1151 1249 Galliae
1173 1207 1210 1246 ex

216 1289 314 1365 Belgis
338 1298 412 1358 sunt,
438 1287 477 1345 ad
504 1306 572 1347 eum
596 1289 708 1365 legatos
736 1289 846 1348 Iccium
874 1299 903 1347 et
930 1287 1209 1358 Andecumborium,

216 1388 326 1464 primos
347 1386 475 1457 civitatis,
495 1387 643 1458 miserunt,
664 1387 712 1462 qui
734 1387 862 1445 dicerent
881 1405 911 1445 se
933 1404 1043 1462 suaque
1062 1385 1162 1443 omnia
1180 1385 1211 1441 in

217 1485 305 1543 fidem
320 1494 405 1561 atque
423 1485 453 1542 in
471 1493 645 1560 potestatem
665 1484 764 1560 populi
782 1484 910 1542 Romani
927 1484 1100 1560 permittere,
1114 1499 1211 1557 neque

218 1601 249 1641 se
271 1601 339 1640 cum
359 1582 458 1658 Belgis
483 1582 598 1658 reliquis
620 1583 803 1641 consensisse
828 1601 922 1658 neque
945 1590 1046 1641 contra
1070 1580 1212 1658 populum

176 1695 204 1744 15
219 1671 386 1738 Romanum
411 1679 585 1750 coniurasse,
607 1689 782 1756 paratosque
807 1698 870 1738 esse
895 1689 923 1737 et
949 1679 1065 1738 obsides
1090 1679 1158 1737 dare
1183 1685 1213 1734 et

219 1778 358 1852 imperata
380 1777 474 1835 lacere
495 1787 525 1834 et
546 1778 661 1853 oppidis
682 1778 810 1854 recipere
835 1787 864 1840 et
884 1778 1029 1836 frumento
1051 1777 1213 1851 ceterisque

218 1875 304 1933 rebus
341 1874 454 1947 iuvare;
496 1875 622 1950 reliquos
659 1893 763 1933 omnes
800 1874 906 1950 Belgas
930 1875 975 1950 ¹in
1013 1874 1100 1934 armis
1138 1892 1212 1945 esse,

219 1973 451 2049 Germanosque,
480 1973 530 2049 qui
564 1974 605 2032 cis
641 1972 778 2032 Rhenum
811 1973 948 2044 incolant,
977 1991 1041 2032 sese
1069 1991 1136 2032 cum
1167 1971 1214 2031 his

219 2072 410 2142 coniunxisse,
440 2081 608 2147 tantumque
637 2089 701 2130 esse
728 2090 830 2130 eorum
858 2072 989 2131 omnium
1017 2070 1152 2142 furorem,
1180 2079 1216 2128 ut

176 2189 207 2226 ao
218 2188 255 2227 ne
280 2169 453 2253 Suessiqnes
477 2167 604 2246 quidem,
626 2169 725 2227 fratres
748 2170 1041 2244 consanguineosque
1063 2185 1140 2239 suos,
1162 2167 1216 2243 qui

220 2268 324 2326 eodem
355 2267 415 2326 iure
450 2276 478 2326 et
509 2267 603 2326 isdem
637 2267 749 2341 legibus
783 2275 905 2336 utantur,
937 2283 1028 2323 unum
1059 2265 1216 2341 imperium

220 2381 368 2440 unumque
382 2364 581 2439 magistratum
595 2383 662 2422 cum
675 2364 746 2440 ipsis
758 2363 892 2435 habeant,
904 2363 1046 2422 deterrere
1057 2363 1215 2439 potuerint,

221 2461 291 2538 quin
307 2461 432 2520 cumbis
446 2461 652 2520 consentirent.

261 2562 291 2616 4.
313 2556 390 2616 Cum
414 2558 450 2615 ab
475 2558 519 2616 his
547 2568 702 2634 quaereret,
728 2579 801 2636 quae
825 2560 952 2620 civitates
977 2569 1160 2637 quantaeque
1184 2560 1219 2618 in
1268 2629 1269 2636 ἵ

180 2679 209 2728 25
227 2655 314 2714 armis
345 2663 442 2714 essent
474 2664 502 2713 et
532 2655 603 2730 quid
632 2656 663 2714 in
693 2657 770 2715 bello
799 2667 930 2734 possent,
961 2659 1003 2716 sic
1036 2657 1219 2733 reperiebat:

223 2754 376 2830 plerosque
410 2751 516 2828 Belgas
550 2771 614 2812 esse
648 2764 727 2813 ortos
760 2757 797 2813 ab
829 2755 984 2815 Germanis
1019 2755 1220 2831 Rhenumque

224 2851 377 2926 antiquitus
399 2850 545 2908 traductos
569 2861 687 2926 propter
710 2852 766 2911 loci
786 2852 958 2912 fertilitatem
982 2853 1021 2911 ibi
1046 2853 1221 2912 consedisse
1267 2865 1268 2897 t

224 2947 391 3024 Gallosque,
413 2948 462 3024 qui
483 2966 518 3006 ea
538 2948 602 3007 loca
627 2949 793 3021 incolerent,
815 2951 958 3026 expulisse
983 2950 1120 3026 solosque
1142 2969 1222 3023 esse,

225 3049 274 3125 qui
288 3056 401 3123 patrum
415 3055 580 3104 nostrorum
593 3048 732 3106 memoria
745 3048 826 3106 omni
840 3048 933 3106 Gallia
947 3058 1048 3106 vexata
1061 3047 1221 3109 Teutonos
1266 3077 1267 3141 p

182 3171 213 3219 30
227 3144 419 3220 Cimbrosque
444 3143 516 3200 intra
536 3143 608 3202 fines
633 3163 701 3202 suos
725 3145 837 3220 ingredi
857 3145 1071 3221 prohibuerint3
1100 3163 1159 3222 qua
1181 3165 1222 3204 ex

226 3259 257 3299 re
271 3241 339 3312 fieri,
353 3241 394 3298 uti
412 3258 509 3298 earum
526 3259 622 3298 rerum
640 3243 779 3300 memoria
795 3261 933 3317 magnam
947 3243 1001 3300 sibi
1018 3244 1222 3301 auctoritatem
1265 3269 1266 3272 ¹

228 3355 407 3414 magnosque
433 3337 546 3414 spiritus
574 3337 604 3394 in
632 3355 663 3395 re
687 3337 799 3396 militari
827 3349 980 3397 sumerent.
1022 3339 1068 3397 De
1092 3358 1222 3399 numero
1265 3309 1266 3387 l

229 3451 328 3492 eorum
346 3435 445 3493 omnia
464 3452 495 3494 se
513 3433 620 3493 habere
637 3435 784 3511 explorata
801 3435 886 3495 Remi
902 3435 1044 3510 dicebant,
1063 3445 1224 3512 propterea
