2634 3914
197 179 239 264 96
523 192 551 242 c.
574 191 666 240 rurrr
688 190 860 240 cassurus
1155 196 1183 236 v.

196 339 347 398 munitum.
390 346 442 400 26.
463 340 574 398 Diebus
588 340 700 398 circiter
713 357 762 411 xv,
774 340 878 415 quibus
894 339 923 397 in
938 338 1058 397 hiberna
1071 347 1185 396 ventum

196 447 247 507 est,
269 437 382 495 initium
403 439 543 513 repentini
563 439 700 496 tumultus
722 457 756 497 ac
777 437 945 496 defectionis
970 447 1066 495 ortum
1086 447 1130 494 est
1150 437 1186 493 ab

195 536 366 610 Ambiorige
380 546 409 594 et
424 535 581 594 Catuvolco
589 556 597 608 ;
620 537 678 612 qui,
693 555 760 596 cum
779 536 816 594 ad
834 537 905 596 fines
922 536 1003 612 regni
1019 535 1063 594 sui
1079 533 1185 592 Sabino

197 632 356 709 Cottaeque
377 643 494 709 praesto
516 633 636 692 fuissent
657 633 891 710 frumentumque
913 634 943 690 in
965 632 1085 690 hiberna
1107 650 1186 690 corn-

167 732 396 806 tportavissent,
416 731 606 791 Indutiomari
627 732 744 791 Treveri
764 732 871 790 nuntiis
892 731 1007 806 impulsi
1028 748 1097 788 suos
1118 748 1186 787 con-

196 830 352 887 citaverunt
373 831 527 906 subitoque
546 831 693 906 oppressis
712 830 901 906 lignatoribus
920 847 1029 904 magna
1042 846 1131 886 manu
1150 827 1187 885 ad

195 938 288 986 castra
315 938 517 1003 oppugnatum
544 938 690 986 venerunt.
734 928 811 988 Cum
838 927 966 986 celeriter
990 927 1081 985 nostri
1109 943 1188 984 anna

196 1026 338 1100 cepissent
358 1025 519 1102 vallumque
544 1026 762 1084 adscendissent
782 1035 868 1102 atque
885 1043 943 1084 una
962 1043 998 1082 ex
1017 1034 1098 1100 parte
1117 1022 1187 1080 His·

196 1123 279 1198 panis
297 1122 441 1197 equitibus
460 1123 573 1182 emissis
594 1125 719 1200 equestri
739 1124 849 1199 proelio
874 1123 1037 1198 superiores
1059 1121 1186 1189 fuissent,

154 1237 183 1273 10
198 1221 348 1296 desperata
358 1239 389 1278 re
402 1221 501 1280 hostes
516 1239 585 1280 suos
600 1223 637 1279 ab
652 1222 871 1298 oppugnatione
883 1221 1066 1278 reduxerunt.
1108 1217 1188 1275 Tum

197 1336 250 1376 suo
274 1337 355 1378 more
379 1319 639 1390 conclamaverunt,
663 1320 705 1376 uti
732 1319 819 1395 aliqui
847 1338 883 1382 er
907 1319 1012 1376 nostris
1037 1317 1075 1376 ad
1100 1316 1188 1374 collo-

196 1417 296 1491 quium
316 1416 460 1492 prodiret:
489 1416 595 1475 habere
616 1435 688 1487 sese,
714 1435 787 1494 quae
813 1417 849 1476 de
873 1435 904 1474 re
924 1415 1072 1484 communi
1094 1413 1189 1472 dicere

195 1514 307 1585 vellent,
329 1514 432 1590 quibus
457 1515 542 1572 rebus
567 1515 776 1574 controversias
801 1513 891 1572 minui
918 1531 1006 1589 posse
1032 1521 1186 1588 sperarent.

197 1611 393 1673 sublinitur
421 1612 460 1670 ad
487 1630 539 1670 eos
572 1611 757 1687 colloquendi
785 1629 872 1668 causa
905 1609 996 1669 Gaius
1024 1609 1187 1686 Arpineius,

154 1721 183 1770 15
197 1728 286 1785 eques
305 1709 465 1780 Romanus,
481 1709 625 1767 familiaris
647 1709 748 1780 Quinti
767 1709 878 1779 Titurii,
897 1717 926 1766 et
940 1707 1067 1779 Quintus
1088 1707 1188 1764 Iunius

198 1825 234 1865 ex
255 1806 398 1882 Hispania
418 1807 545 1882 quidam,
560 1807 609 1882 qui
630 1807 688 1864 iam
708 1815 775 1864 ante
793 1807 885 1864 missu
905 1805 1038 1865 Caesaris
1059 1805 1097 1862 ad
1115 1805 1189 1862 Arn-

196 1905 338 1980 biorigem
352 1907 488 1964 ventitare
508 1915 659 1963 consuerat
667 1924 675 1978 ;
698 1904 777 1980 apud
796 1923 870 1980 quos
885 1904 1038 1962 Ambiorix
1055 1903 1093 1962 ad
1110 1902 1190 1961 hunc

197 2003 318 2062 modum
332 2003 443 2060 locutus
462 2011 522 2062 est:
545 2001 613 2062 Sese
632 2021 685 2079 pro
705 2002 836 2062 Caesaris
853 2003 884 2060 in
906 2021 936 2060 se
957 2001 1104 2060 beneficiis
1125 2000 1190 2076 plu-

194 2101 302 2158 rimum
316 2101 343 2158 ei
357 2100 486 2158 confiteri
501 2099 613 2172 debere,
626 2101 705 2178 quod
719 2102 781 2160 eius
796 2119 885 2176 opera
899 2099 1042 2176 stipendio
1054 2099 1190 2156 liberatus

154 2208 184 2244 ²0
197 2208 281 2269 esset,
309 2198 388 2274 quod
416 2199 582 2269 Aduatucis,
607 2199 734 2258 finitimis
762 2199 830 2270 suis
855 2199 982 2274 pendere
1011 2208 1190 2268 consuesset,

197 2295 335 2373 quodque
355 2295 381 2353 ei
395 2305 423 2354 et
441 2295 515 2354 filius
529 2306 558 2354 et
571 2295 663 2356 fratris
677 2295 751 2354 filius
765 2297 802 2354 ab
817 2294 941 2357 Caesare
955 2295 1066 2352 remissi
1083 2307 1190 2366 essent,

198 2411 273 2470 quos
296 2393 441 2452 Aduatuci
468 2393 604 2452 obsidum
627 2411 748 2452 numero
772 2393 879 2452 missos
907 2391 985 2470 apud
1013 2411 1045 2450 se
1072 2393 1102 2450 in
1129 2411 1190 2450 ser-

194 2491 284 2550 uitute
305 2500 334 2550 et
354 2491 463 2549 catenis
483 2491 659 2563 tenuissent3
683 2510 778 2567 neque
799 2491 837 2562 id,
859 2491 939 2567 quod
960 2490 1058 2548 fecerit
1079 2490 1115 2548 de
1136 2509 1190 2567 op-

199 2589 377 2666 pugnatione
397 2598 563 2660 castrorum,
581 2600 630 2648 aut
648 2591 754 2648 iudicio
772 2600 822 2648 aut
840 2591 986 2650 voluntate
1006 2607 1058 2648 sua
1076 2587 1190 2660 fecisse,

156 2703 184 2754 ²5
200 2687 252 2746 sed
273 2695 377 2746 coactu
399 2686 525 2756 civitatis
549 2705 658 2764 suaque
680 2707 744 2748 esse
767 2689 909 2746 eiusmodi
929 2689 1056 2763 imperia,
1076 2696 1108 2744 ut
1128 2705 1191 2745 non

199 2785 295 2843 minus
319 2783 438 2842 haberet
461 2784 528 2842 iuris
551 2785 582 2844 in
606 2803 638 2842 se
661 2785 823 2855 multitudo,
843 2803 932 2860 quam
956 2785 1069 2860 ipsein
1093 2784 1191 2842 multi-

199 2882 337 2940 tudinem.
391 2879 503 2939 Civitati
530 2899 617 2957 porro
644 2881 721 2939 hanc
749 2882 836 2943 fuisse
864 2883 931 2940 belli
958 2901 1085 2954 causam,
1109 2882 1192 2959 quod

198 2980 366 3057 repentinae
399 2977 550 3037 Gallorum
582 2979 771 3039 coniurationi
803 2981 935 3038 resistere
967 2998 1029 3041 non
1055 2980 1192 3056 potuerit.

199 3077 234 3136 Id
262 3095 293 3136 se
321 3076 403 3134 facile
431 3095 467 3134 ex
494 3075 651 3136 humilitate
675 3095 728 3134 sua
751 3079 874 3153 probare
898 3095 994 3153 posse,
1019 3077 1100 3153 quod
1127 3095 1193 3135 non
1304 3139 1305 3148 ,

155 3187 187 3239 30
200 3175 273 3233 adeo
288 3174 324 3232 sit
341 3173 488 3249 imperitus
501 3191 605 3243 rerum,
620 3182 651 3231 ut
670 3173 729 3234 suis
748 3175 838 3250 copiis
859 3175 1000 3252 populum
1019 3173 1193 3232 Romanum
1235 3225 1251 3252 ‚.
1304 3175 1305 3180 ’

199 3271 327 3348 superari
348 3289 436 3346 posse
457 3269 591 3330 confidat.
635 3270 693 3330 Sed
713 3289 777 3332 esse
798 3271 909 3332 Galliae
937 3290 1094 3331 commune
1118 3289 1193 3330 cons
1230 3257 1240 3314 ἶ
1304 3295 1305 3304 ¹

201 3369 310 3430 silium:
331 3369 467 3426 omnibus
489 3367 614 3428 hibernis
638 3367 769 3428 Caesaris
793 3370 999 3445 oppugnandis
1018 3369 1098 3428 hunc
1123 3386 1194 3426 esse

168 3547 170 3554 Ι
201 3466 311 3526 dictum
334 3463 426 3526 diem:
450 3483 487 3524 ne
510 3483 568 3544 qua
588 3466 665 3542 legio
687 3465 790 3530 alterae
812 3465 920 3542 legioni
942 3466 1072 3530 subsidio
1093 3465 1195 3529 venire
