2634 3914
154 174 290 257 26-29.
378 187 424 234 DE
445 187 554 234 BELLO
579 184 732 234 Gnaarco
755 186 865 236 coMM.
893 188 952 238 VII.
1084 193 1144 256 149

151 345 240 406 erent,
254 336 299 407 iis,
315 335 363 411 qui
384 336 469 411 primi
491 354 607 394 murum
629 335 837 407 ascendissent,
852 336 980 413 praemia
996 337 1146 412 proposuit

151 434 347 510 militibusque
367 434 482 510 signum
501 434 589 492 dedit.
630 433 675 491 Illi
695 434 790 492 subito
809 453 845 492 ex
864 434 1000 492 omnibus
1018 434 1146 509 partibus

150 531 335 589 evolaverunt
354 550 526 608 murumque
544 532 672 590 celeriter
691 532 915 607 compleverunt.
961 538 1013 590 28.
1035 532 1147 590 Hostes

151 647 182 688 re
203 648 280 690 nova
298 629 444 704 perterriti,
464 647 549 688 muro
567 631 752 707 turribusque
770 629 872 688 deiecti
890 632 920 688 in
944 629 1007 688 foro
1026 649 1060 688 ac
1075 632 1145 690 locis

150 727 359 804 patentioribus
385 728 529 786 cuneatim
550 729 748 800 constiterunt,
770 727 827 786 hoc
849 728 957 798 anim0,
981 737 1022 799 ut,
1043 714 1067 785 si
1089 747 1146 805 qua
1158 749 1172 802 5

150 836 283 902 exparte
302 827 418 885 obviam
437 827 587 898 veniretur,
605 827 666 885 acie
685 828 822 884 instructa
836 826 1044 902 depugnarent
1086 825 1145 885 Ubi

152 925 300 982 neminem
314 924 344 981 in
359 942 484 1000 aequum
499 924 597 982 locum
616 943 680 983 sese
695 924 854 993 demittere,
875 925 928 981 sed
941 933 1004 982 toto
1018 925 1145 1000 undique

150 1039 236 1080 muro
258 1022 450 1080 circumfundi
474 1022 615 1094 viderunt,
644 1023 732 1093 veriti,
758 1039 795 1079 ne
820 1022 942 1080 omnino
971 1040 1037 1098 spes
1060 1022 1146 1098 fugae

150 1120 306 1192 tolleretur,
333 1121 451 1179 abiectis
479 1121 566 1179 armis
594 1121 708 1179 ultimas
736 1120 836 1196 oppidi
864 1129 960 1196 partes
988 1121 1145 1179 continenti

150 1217 262 1293 impetu
278 1220 447 1294 petiverunt,
462 1236 587 1294 parsque
607 1219 655 1288 ibi,
670 1235 738 1276 curn
752 1227 877 1292 angusto
898 1218 976 1275 exitu
996 1228 1143 1292 portarum
1160 1239 1190 1274 ro

150 1333 183 1374 se
203 1317 259 1392 ipsi
279 1327 451 1392 premerent,
473 1335 491 1374 a
515 1317 660 1387 militibus,
683 1333 749 1391 pars
772 1315 832 1372 iarn
852 1333 969 1390 egressa
990 1316 1081 1391 portis
1107 1316 1144 1373 ab

148 1415 296 1490 equitibus
320 1424 364 1473 est
388 1414 544 1473 interiecta.
586 1413 650 1472 Nec
676 1413 728 1472 luit
752 1415 915 1490 quisquam,
941 1413 992 1489 qui
1019 1414 1144 1490 praedae

150 1513 288 1571 studeret.
332 1512 379 1571 Sic
398 1523 427 1570 et
447 1511 558 1570 Cenabi
575 1511 664 1570 caede
683 1521 712 1570 et
729 1511 827 1569 labore
846 1511 942 1586 operis
957 1511 1065 1568 incitati
1083 1529 1144 1570 non

152 1620 244 1668 aetate
259 1610 407 1681 confectis,
423 1627 483 1668 non
498 1609 673 1681 mulieribus,
692 1625 753 1666 non
768 1608 924 1666 infantibus
943 1619 1142 1684 pepercerunt.

150 1707 285 1784 Denique
306 1709 388 1768 ornni
408 1727 445 1766 ex
465 1725 597 1779 nurnero,
619 1709 668 1784 qui
689 1707 742 1765 suit
762 1707 873 1766 circiter
891 1699 1007 1764 'milium
1028 1724 1074 1778 xn,
1096 1708 1142 1765 vix
1159 1735 1187 1783 ¹5

150 1822 235 1877 noco,
260 1806 310 1882 qui
335 1807 429 1883 primo
454 1806 580 1864 clamore
605 1806 704 1864 audito
733 1823 764 1863 se
792 1823 829 1864 ex
855 1805 966 1881 oppido
990 1805 1143 1876 eiecerunt,

147 1904 310 1962 incolumes
348 1904 386 1962 ad
420 1903 691 1979 Vercingetorigem
725 1912 924 1979 pervenerunt.
978 1901 1062 1974 Quos
1097 1904 1143 1962 ille

150 2003 241 2059 multa
259 2003 318 2060 iam
336 2012 421 2060 nocte
441 2003 554 2060 silentio
574 2021 610 2061 ex
630 2002 700 2078 fuga
714 2001 827 2077 excepit
843 2002 957 2072 veritus
979 2019 1092 2078 nequa
1112 2002 1142 2060 in

148 2101 251 2158 castris
279 2119 316 2158 ex
344 2117 445 2158 eonrm
474 2093 618 2158 concursu
646 2111 674 2158 et
707 2099 903 2158 misericordia
929 2099 1007 2175 vulgi
1039 2100 1141 2158 seditio

150 2207 288 2269 oreretur,
303 2207 335 2256 ut
353 2199 456 2274 procul
470 2199 500 2256 in
515 2198 561 2255 via
576 2198 722 2273 dispositis
740 2197 924 2256 familiaribus
943 2199 1002 2256 suis
1016 2197 1141 2274 princip·
1156 2224 1187 2259 ιο

149 2295 274 2371 ibusque
308 2295 455 2354 civitatum
490 2294 682 2372 disparandos
719 2294 964 2371 deducendosque
998 2296 1038 2354 ad
1072 2312 1142 2354 suos

148 2403 270 2464 curaret,
292 2411 367 2470 quae
388 2394 492 2469 cuique
518 2393 623 2452 civitati
644 2412 712 2470 pars
738 2403 898 2452 castrorum
922 2395 959 2451 ab
983 2392 1064 2452 initio
1089 2395 1142 2452 ob·
1233 2445 1238 2465 ,

151 2501 276 2550 venerat.
319 2498 372 2550 29.
393 2491 516 2550 Postero
549 2492 597 2550 die
625 2492 752 2550 concilio
787 2500 948 2549 convocato
977 2491 1142 2550 consolatus

115 2652 116 2656 ,
146 2589 376 2667 cohortatusque
397 2601 450 2661 est,
471 2609 509 2648 ne
534 2607 565 2648 se
587 2590 749 2648 admodum
771 2591 872 2648 animo
894 2589 1083 2661 demitterent,
1103 2608 1142 2648 ne
1233 2613 1234 2618 ¹

149 2688 385 2764 perturbarentur
417 2687 616 2746 incommodo.
659 2687 730 2746 Non
761 2688 862 2746 virtute
894 2705 989 2765 neque
1017 2687 1048 2745 in
1080 2687 1142 2748 acie
1157 2711 1184 2762 ²5

150 2785 253 2842 vicisse
275 2784 436 2857 Romanos,
457 2787 509 2844 sed
537 2786 656 2845 artificio
679 2786 807 2862 quodam
833 2795 862 2844 et
884 2786 1002 2844 scientia
1027 2803 1142 2861 oppug-

148 2883 286 2953 nationis,
308 2883 390 2941 cuius
411 2884 452 2940 rei
473 2883 578 2941 suerint
601 2883 657 2958 ipsi
681 2884 814 2959 imperiti.
855 2883 967 2952 Errare,
992 2883 1016 2941 si
1040 2883 1089 2958 qui
1112 2883 1143 2940 in

148 2980 229 3038 bello
263 2980 359 3038 omnis
393 2981 538 3040 secundos
567 2999 663 3038 rerum
690 2991 847 3057 proventus
880 2990 1040 3057 expectent.
1083 2979 1143 3038 Sibi

151 3096 313 3153 numquam
328 3077 470 3152 placuisse
490 3079 645 3136 Avaricum
660 3079 786 3150 defendi,
800 3079 882 3138 cuius
903 3080 944 3137 rei
958 3089 1044 3138 testes
1063 3079 1142 3155 ipsos

151 3177 289 3248 haberet;
332 3173 384 3235 sed
418 3177 526 3236 sactum
565 3177 760 3253 imprudentia
795 3177 957 3253 Biturigum
992 3188 1020 3236 et
1054 3179 1142 3237 nimia
1156 3202 1187 3252 30

146 3275 343 3352 obsequentia
367 3275 551 3352 reliquorum,
576 3276 617 3332 uti
638 3275 695 3334 hoc
716 3276 938 3335 incommodum
959 3276 1141 3352 acciperetur.

152 3372 190 3432 Id
224 3384 323 3431 tamen
354 3391 385 3431 se
416 3373 545 3432 celeriter
579 3373 735 3432 maioribus
770 3375 934 3432 commodis
966 3384 1141 3433 sanaturum.

149 3470 232 3531 Nam
254 3489 328 3550 quae
350 3472 387 3530 ab
407 3471 523 3548 reliquis
546 3469 636 3532 Gallis
656 3471 784 3538 civitates
807 3471 996 3545 dissentirent,
1017 3471 1069 3530 has
1084 3490 1144 3532 aua
