2634 3914
200 193 264 257 114
525 186 554 238 o.
578 185 671 236 rtur]
691 182 864 237 cassatus
1026 212 1028 217 -
1144 190 1186 237 vr.

197 338 348 397 sollicitare
376 346 405 396 et
432 339 587 414 pecuniam
614 338 741 414 polliceri
768 357 830 396 non
858 338 1006 397 desistunt.
1048 337 1125 398 Cum
1153 341 1187 398 ab

197 436 335 514 proximis
360 437 512 512 impetrare
536 454 597 495 non
622 447 750 513 possent,
775 437 923 495 ulteriores
948 445 1098 512 temptant.
1140 436 1187 494 In·

197 535 288 593 ventis
311 535 457 592 nonnullis
482 535 641 594 civitatibus
668 536 851 593 iureiurando
872 536 946 594 inter
966 552 998 592 se
1019 535 1188 592 confirmant

198 632 405 707 obsidibusque
424 631 461 690 de
479 633 603 708 pecunia
622 643 740 691 cavent:
761 633 962 708 Ambiorigem
981 632 1035 690 sibi
1053 632 1188 690 societate

170 739 226 805 5et
249 728 366 786 foedere
391 728 559 804 adiungunt.
601 728 716 802 Quibus
741 731 826 788 rebus
848 731 971 806 cognitis
993 728 1187 787 Caesareum

197 827 327 902 undique
353 825 461 883 bellum
491 827 583 902 parari
611 827 727 897 videret,
756 826 886 898 Nervios,
917 826 1094 896 Aduatucos,
1126 827 1184 900 [ae]

198 923 353 998 Menapios
386 923 528 981 adiunctis
559 923 746 983 Cisrhenanis
774 925 909 982 omnibus
940 923 1095 982 Germanis
1127 941 1188 982 esse

199 1023 230 1078 in
248 1021 343 1090 armis,
360 1019 490 1078 Senones
508 1021 547 1078 ad
561 1021 733 1097 imperatum
748 1035 808 1080 non
825 1022 921 1083 venire
938 1030 967 1079 et
986 1038 1053 1079 curn
1068 1019 1188 1079 Camut-

199 1120 264 1177 ibus
287 1118 471 1194 finitimisque
496 1119 657 1176 civitatibus
684 1119 804 1176 consilia
828 1118 1051 1188 communicare,
1076 1136 1093 1174 a
1117 1117 1189 1175 Tre·

157 1241 187 1276 10
199 1217 272 1274 veris
287 1213 451 1274 Germanos
472 1217 579 1274 crebris
598 1216 789 1292 legationibus
809 1215 962 1286 sollicitari,
976 1217 1114 1274 maturius
1137 1215 1189 1274 sibi

200 1315 236 1373 de
263 1314 339 1372 bello
371 1307 557 1388 cogitandum
590 1313 705 1388 putavit.
747 1313 777 1372 3.
798 1313 900 1389 Itaque
932 1314 1064 1371 nondum
1095 1313 1190 1370 hieme

200 1411 334 1470 confecta
352 1411 491 1486 proximis
511 1419 645 1487 quattuor
666 1411 773 1468 coactis
794 1411 956 1486 legionibus
978 1410 1014 1470 de
1035 1411 1190 1487 improviso

199 1510 230 1566 in
244 1509 316 1566 fines
330 1507 503 1566 Nerviorum
517 1508 666 1566 contendit
679 1519 716 1579 et,
730 1509 898 1584 priusquam
917 1508 955 1566 ilfi
975 1519 1023 1566 aut
1038 1509 1190 1567 convenire

201 1616 250 1664 aut
263 1605 417 1682 profugere
438 1616 566 1682 possent,
581 1624 689 1682 magno
704 1606 816 1680 pecoris
838 1615 924 1682 atque
941 1605 1092 1663 hominurn
1106 1624 1190 1663 num-

159 1726 188 1776 15
201 1720 250 1760 ero
283 1713 368 1779 capto
398 1713 483 1778 atque
507 1722 543 1762 ea
566 1705 673 1780 praeda
695 1704 829 1761 militibus
854 1703 998 1761 concessa'
1017 1703 1191 1778 vastatisque

202 1801 277 1876 agris
302 1801 332 1858 in
357 1801 533 1859 deditionem
557 1803 653 1860 venire
676 1811 761 1878 atque
783 1801 901 1860 obsides
922 1801 976 1859 sibi
998 1800 1066 1859 dare
1087 1801 1191 1876 coegit.

201 1897 247 1956 Eo
272 1898 399 1956 celeriter
426 1897 561 1957 confecto
588 1899 706 1974 negotio
733 1917 829 1957 rursus
857 1900 887 1957 in
914 1899 1035 1958 bibema
1062 1899 1194 1973 legiones

201 1996 321 2056 reduxit.
363 1994 494 2053 Concilio
514 1995 624 2054 Galliae
643 1997 737 2072 primo
756 2016 829 2067 vere,
846 2011 878 2055 ut
892 1998 1058 2066 instituerat,
1073 1996 1192 2067 indicto,

202 2111 269 2150 cum
283 2093 383 2169 reliqui
397 2103 508 2169 praeter
523 2093 652 2152 Senones
666 2092 812 2152 Carnutes
822 2094 1024 2172 Treverosque
1038 2096 1193 2164 venissent,

159 2213 190 2248 20
202 2189 314 2246 initium
341 2189 407 2248 belli
436 2208 471 2248 ac
499 2189 669 2248 defectionis
695 2191 752 2250 hoc
773 2211 837 2250 esse
858 2194 1016 2265 arbitratus,
1038 2204 1070 2252 ut
1093 2193 1194 2252 omnia

203 2296 379 2364 postponere
399 2287 548 2358 videretur,
569 2289 722 2346 concilium
743 2289 886 2348 Lutetiam
906 2291 1080 2350 Parisiorum
1100 2301 1194 2349 trans·

203 2383 266 2449 fert.
322 2383 460 2442 Confines
490 2395 571 2442 erant
599 2385 629 2443 hi
657 2386 821 2446 Senonibus
848 2389 1048 2464 civitatemque
1078 2397 1194 2464 patrum

203 2481 344 2540 memoria
365 2482 581 2552 coniunxerant,
597 2485 648 2542 sed
667 2487 703 2542 ab
722 2484 778 2544 hoc
799 2487 921 2545 consilio
940 2486 1044 2545 afuisse
1065 2486 1195 2544 existim-

204 2580 333 2638 abantur.
387 2577 455 2637 Hac
482 2598 512 2638 re
540 2598 593 2655 pro
625 2593 762 2657 suggestu
795 2584 979 2658 pronuntiata
1009 2584 1114 2644 eodem
1146 2585 1195 2642 die

159 2697 189 2748 ⁰5
204 2694 270 2734 eum
284 2675 446 2750 legionibus
459 2676 490 2734 in
510 2675 640 2736 Senones
654 2679 842 2754 proficiscitur
857 2685 1029 2758 magnisque
1043 2683 1195 2742 itineribus

203 2790 239 2831 eo
260 2773 395 2850 pervenit.
436 2778 468 2832 4.
490 2772 616 2848 Cognito
640 2776 702 2833 eius
725 2777 849 2835 adventu
869 2779 960 2848 Acco,
982 2781 1032 2856 qui
1057 2781 1196 2857 princeps

203 2872 264 2928 eius
283 2871 395 2928 consilii
413 2870 512 2942 fuerat,
527 2873 605 2930 iubet
623 2873 654 2930 in
672 2874 781 2948 oppida
797 2875 1009 2936 multitudinem
1030 2880 1196 2938 convenire.

203 2968 392 3039 Conantibus
421 2969 587 3047 priusquam
614 2971 644 3028 id
672 2971 745 3029 effici
772 2982 878 3048 posset,
907 2975 1010 3033 adesse
1037 2975 1196 3035 Romanos

203 3067 355 3126 nuntiatur.
397 3065 570 3125 Necessario
585 3069 725 3126 sententia
736 3069 875 3128 desistunt
888 3071 1057 3150 legatosque
1071 3074 1196 3149 depreo·
1262 3105 1266 3113 ·

158 3164 271 3240 goandi
303 3181 391 3226 causa
423 3163 461 3222 ad
490 3163 648 3224 Caesarem
678 3167 809 3225 mittunt:
843 3167 951 3228 adeunt
982 3189 1035 3247 per
1059 3172 1197 3244 Aeduos,

150 3309 154 3326 .
204 3280 327 3338 quorum
354 3263 507 3339 antiquitus
535 3273 595 3321 erat
622 3265 652 3322 in
678 3264 735 3326 fide
763 3266 870 3326 civitas.
919 3268 1056 3328 Libenter
1083 3270 1197 3330 Caesar

204 3361 364 3433 petentibus
378 3360 487 3419 Aeduis
502 3361 551 3420 dat
564 3362 677 3420 veniam
696 3366 969 3443 excusationemque
984 3369 1096 3445 accipit,
1111 3371 1198 3446 quod

202 3457 343 3522 aestivum
357 3466 470 3534 tempus
489 3458 621 3518 instantis
639 3460 714 3534 belli,
729 3479 790 3520 non
804 3465 981 3542 quaestionis
995 3485 1058 3526 esse
1073 3469 1198 3540 arbitra·
