2634 3914
180 193 239 279 158
499 211 528 261 o.
550 211 644 258 turn
665 208 839 258 cassurus
1109 206 1168 257 vn.

175 361 254 419 tione
278 360 423 420 interclusi
446 361 625 420 viderentur:
657 360 695 418 ad
718 359 796 418 hunc
817 358 1007 417 muniendum
1028 375 1131 416 omnes
1152 375 1170 414 a

175 457 413 534 Vercingetorige
432 468 576 517 evocatos.
617 465 670 516 45.
693 457 760 516 Hac
779 475 810 515 re
829 457 947 532 cognita
961 454 1070 514 Caesar
1083 455 1169 513 mittit

176 557 341 634 complures
356 558 488 633 equitum
504 567 613 616 turmas
628 557 732 616 eodem
752 556 848 613 media
867 565 972 614 nocte:
993 555 1124 631 imperat,
1139 551 1180 612 ut¹

175 655 262 731 paulo
283 655 487 714 tumultuosius
507 656 643 714 omnibus
666 655 737 714 locis
762 662 941 729 vagarentur.
985 651 1081 711 Prima
1105 653 1169 711 luce

148 763 316 828 5magnum
335 771 488 810 numerum
508 753 779 828 impedimentorum
796 770 833 809 ex
847 751 946 810 castris
965 750 1169 826 mulorumque

175 851 297 927 produci
325 851 418 927 deque
453 851 497 909 his
532 861 688 909 stramenta
722 850 831 908 detrahi
866 849 1068 924 mulionesque
1102 865 1169 906 cum

176 947 337 1006 cassidibus
350 948 479 1024 equitum
494 948 591 1023 specie
610 947 840 1005 assimulatione
859 945 980 1006 collibus
996 943 1169 1003 circumvehi

176 1046 265 1104 iubet.
306 1044 363 1104 His
389 1063 502 1121 paucos
530 1045 610 1104 addit
638 1046 755 1122 equites,
784 1044 834 1120 qui
862 1043 946 1101 latius
966 1041 1168 1101 ostentationis

177 1161 264 1201 causa
297 1154 476 1218 vagarentur.
518 1142 625 1218 Longo
661 1143 781 1201 circuitu
815 1160 918 1200 omnes
957 1141 1036 1199 iubet
1070 1148 1169 1216 petere

135 1258 165 1294 10
177 1241 317 1316 regiones.
361 1240 445 1300 Haec
473 1242 575 1316 procul
601 1260 637 1299 ex
661 1241 771 1318 oppido
799 1239 977 1324 videbantur,
1003 1249 1035 1297 ut
1063 1248 1123 1296 erat
1151 1258 1169 1297 a

177 1336 323 1413 Gergovia
341 1338 496 1414 despectus
515 1339 663 1409 menstra,
685 1357 781 1414 neque
799 1347 879 1396 tanto
894 1338 996 1414 spatio,
1015 1338 1084 1396 certi
1098 1335 1169 1413 quid

177 1445 260 1507 esset,
276 1436 420 1512 explorari
434 1444 553 1512 poterat.
596 1435 759 1512 Legionem
773 1453 862 1498 unam
876 1435 982 1494 eodem
1000 1436 1070 1510 iugo
1084 1435 1169 1493 mittit

177 1545 206 1592 et
232 1534 352 1610 paulurn
380 1551 566 1610 progressam
596 1533 731 1592 inferiore
759 1533 907 1592 constituit
939 1534 1005 1592 loco
1033 1534 1168 1609 silvisque

178 1631 309 1690 occultat.
351 1631 482 1707 Augetur
504 1631 595 1690 Gallis
614 1632 740 1706 suspicio
757 1640 843 1706 atque
864 1648 966 1690 omnes
984 1631 1032 1689 illo
1052 1632 1168 1689 muniti-

135 1745 164 1794 ¹5
178 1747 269 1787 onum
295 1729 397 1804 copiae
425 1729 621 1788 traducuntur.
663 1729 766 1787 Vacua
790 1739 883 1788 castra
907 1729 1035 1788 hostium
1060 1729 1168 1788 Caesar

179 1826 363 1900 conspicatus
391 1826 473 1884 tectis
501 1827 663 1902 insignibus
697 1844 815 1884 suorum
840 1827 1047 1901 occultatisque
1078 1826 1168 1901 signis

178 1923 344 1982 militaribus
369 1943 449 1982 raros
473 1925 584 1996 milites,
608 1943 645 1982 ne
671 1943 706 1982 ex
731 1925 842 2001 oppido
867 1925 1168 1994 animadverterentur,

178 2041 214 2080 ex
238 2022 394 2080 maioribus
422 2023 521 2081 castris
549 2023 578 2080 in
605 2023 719 2082 minora
746 2023 869 2081 traducit
896 2022 1064 2098 legatisque,
1093 2039 1169 2098 quos

178 2120 297 2196 singulis
325 2120 488 2196 legionibus
517 2120 701 2197 praefecerat,
731 2121 800 2196 quid
827 2121 888 2179 fieri
917 2121 991 2191 velit,
1020 2120 1166 2179 ostendit:

135 2233 166 2268 20
179 2217 318 2292 imprimis
337 2228 446 2289 monet,
465 2227 496 2276 ut
516 2219 684 2276 contineant
704 2219 818 2288 milites
840 2237 877 2276 ne
900 2219 995 2277 studio
1017 2217 1169 2294 pugnandi

179 2325 228 2373 aut
246 2333 297 2390 spe
316 2316 442 2392 praedae
460 2316 576 2392 longius
592 2317 816 2392 progrediantur
825 2335 834 2388 ;
863 2317 933 2393 quid
954 2317 1088 2391 iniquitas
1110 2315 1168 2374 loci

178 2414 283 2471 habeat
315 2414 495 2472 incommodi
527 2415 683 2490 proponit:
724 2413 781 2472 hoc
813 2433 872 2472 una
904 2415 1047 2472 celeritate
1080 2432 1168 2490 posse

178 2512 298 2582 mutari;
341 2511 505 2570 occasionis
538 2530 603 2571 esse
633 2530 703 2582 rem,
735 2530 797 2570 non
831 2511 939 2588 proelii.
990 2509 1047 2569 His
1081 2513 1168 2570 rebus

174 2609 318 2684 expositis
336 2608 451 2684 signum
468 2609 517 2668 dat
536 2619 564 2667 et
578 2611 615 2668 ab
637 2609 737 2667 dextra
755 2619 836 2685 parte
855 2609 911 2667 alio
926 2627 1049 2667 ascensu
1063 2608 1169 2667 eodem

134 2724 165 2773 ²5
179 2714 311 2780 ternpore
338 2705 458 2766 Aeduos
491 2708 583 2766 mittit.
639 2713 692 2765 46.
715 2706 827 2782 Oppidi
853 2723 953 2764 murus
980 2706 1017 2764 ab
1044 2707 1168 2782 planicie

179 2813 265 2878 atque
293 2803 376 2861 initio
404 2822 542 2863 ascensus
570 2815 648 2864 recta
675 2805 804 2880 regione,
833 2804 857 2862 si
885 2803 979 2861 nullus
1013 2803 1168 2861 amfractus

179 2901 374 2971 intercederet,
403 2918 464 2960 troo
493 2921 595 2978 passus
622 2904 736 2960 aberat:
772 2901 913 2978 quidquid
939 2901 1006 2960 huic
1035 2901 1168 2960 circuitus

181 3000 218 3058 ad
236 2999 425 3058 molliendum
444 3001 549 3059 clivum
568 3011 735 3071 accesserat,
756 3001 787 3058 id
807 3001 932 3075 spatium
953 3000 1061 3058 itineris
1080 3017 1167 3075 auge·

180 3100 238 3156 bat.
278 3097 307 3154 A
320 3095 417 3156 medio
432 3097 491 3156 sere
512 3098 584 3156 colle
603 3099 633 3156 in
651 3099 870 3174 longitudinem,
889 3108 922 3156 ut
942 3109 1044 3155 natura
1060 3098 1168 3155 montis

137 3195 298 3272 goferebat,
323 3213 359 3252 ex
384 3196 541 3270 grandibus
567 3197 643 3254 saxis
668 3215 719 3254 sex
744 3197 852 3273 pedum
876 3214 1000 3264 murum,
1026 3195 1075 3272 qui
1100 3213 1167 3254 nos·

181 3303 290 3351 trorum
303 3293 444 3368 impetum
463 3293 594 3363 tardaret,
612 3294 823 3369 praeduxerant
838 3293 914 3353 Galli
934 3302 1020 3370 atque
1034 3292 1169 3351 inferiore

181 3391 263 3448 omni
290 3390 383 3465 spatio
404 3408 496 3448 vacuo
517 3389 616 3449 relicto
641 3391 817 3466 superiorem
837 3401 949 3467 partem
971 3391 1051 3448 collis
1076 3408 1167 3465 usque

181 3485 219 3546 ad
232 3503 347 3544 murum
364 3486 464 3562 oppidi
482 3488 659 3547 densissimis
677 3488 776 3548 castris
793 3489 1016 3566 compleverant.
1059 3487 1168 3549 Milites
