2634 3914
406 605 442 670 C.
484 600 607 667 IULIl
632 596 873 664 CAESARIS

224 799 324 916 nn
395 829 649 915 annno
716 825 1061 911 cancico

415 1090 696 1144 COMMENTARIUS
718 1089 879 1153 QUINTUS.

458 1333 529 1398 Bc,
545 1348 591 1410 54.
633 1333 742 1394 A.U.C.
760 1346 828 1407 700.

182 1549 277 1602 Second
293 1549 391 1600 Failure
407 1549 432 1597 in
450 1547 550 1596 Britain.
564 1565 566 1570 ·
584 1545 649 1595 Ruin
666 1545 716 1594 and
728 1544 811 1594 Death
829 1543 857 1594 of
870 1545 946 1604 Cotta
962 1545 1011 1594 and
1026 1546 1137 1606 Sabinus.

150 1631 311 1696 Generalship
329 1631 357 1680 of
369 1630 400 1693 Q.
411 1628 497 1679 Cicero
514 1627 610 1692 against
626 1625 764 1682 Ambiorix,
780 1625 830 1674 and
849 1626 878 1674 of
894 1626 1017 1676 Labienus
1043 1629 1138 1692 against

149 1713 192 1762 the
207 1713 310 1763 Treviri.

188 1879 214 1931 1.
243 1872 277 1932 L.
302 1872 447 1942 Domum,
483 1869 539 1946 Ap.
572 1867 694 1928 Claudio
725 1867 891 1926 consulibus
921 1869 1076 1928 discedens¹
1101 1871 1138 1927 ab

148 1972 276 2030 hibernis
302 1970 409 2029 Caesar
429 1971 460 2027 in
480 1968 602 2038 Italiam,
626 1976 659 2024 ut
679 1967 834 2040 quotannis
859 1965 954 2024 facere
978 1978 1138 2038 consuerat,

148 2069 251 2144 legatis
284 2068 427 2143 imperans
449 2083 523 2142 quos
558 2064 720 2139 legionibus
756 2063 940 2139 praefecerat,
974 2065 1015 2120 uti
1050 2082 1138 2140 quam

148 2165 286 2243 plurimas
306 2173 427 2240 possent
447 2164 542 2220 hieme
563 2178 651 2219 naves
673 2159 866 2220 aedificandas
886 2168 1053 2236 veteresque
1074 2162 1138 2219 refi-

148 2262 268 2322 ciendas
292 2269 432 2320 curarent.
472 2259 582 2318 Earum
606 2258 728 2316 modum
747 2259 929 2333 formamque
951 2259 1167 2318 demonstran5

147 2361 198 2418 Ad
218 2359 391 2419 celeritatem
412 2356 551 2416 onerandi
572 2355 834 2432 subductionesque
854 2355 941 2432 paulo
962 2356 1029 2415 facit
1046 2356 1139 2415 humi-

147 2457 241 2528 liores,
263 2475 351 2532 quam
372 2455 476 2531 quibus
497 2455 528 2512 in
547 2464 647 2512 nostro
668 2455 739 2512 mari
760 2455 800 2512 uti
821 2455 1032 2528 consuevimus
1054 2465 1140 2531 atque

142 2555 179 2614 -id
196 2572 232 2612 eo
253 2554 355 2628 magis,
373 2552 453 2629 quod
473 2561 590 2627 propter
611 2553 726 2611 crebras
747 2553 987 2612 commutationes
1009 2562 1140 2613 aestuum

147 2653 245 2711 minus
273 2668 397 2725 magnos
425 2650 465 2707 ibi
492 2649 596 2708 fluctus
624 2649 685 2707 fieri
713 2659 897 2725 cognoverat,
926 2651 964 2708 ad
990 2667 1078 2710 onera
1105 2673 1140 2724 ac

141 2747 361 2808 ‘multitudinem
393 2747 587 2805 iumentomm
617 2747 870 2822 transportandam
900 2747 988 2822 paulo
1015 2748 1139 2824 latiores,
1154 2770 1185 2805 ro

146 2864 237 2924 quam
262 2846 366 2921 quibus
386 2845 417 2902 in
437 2843 552 2919 reliquis
579 2843 686 2900 utimur
705 2845 841 2902 maribus.
883 2843 948 2904 Has
968 2863 1071 2906 omnes
1092 2867 1139 2908 ac-

145 2943 253 3002 tuarias
267 2943 390 3017 imperat
406 2941 474 3012 fieri,
486 2957 575 3016 quam
589 2939 626 2997 ad
639 2959 701 2998 rem
714 2941 858 3000 humilitas
876 2942 999 3000 multum
1017 2945 1139 3004 adiuvat.

145 3041 201 3112 Ea,
219 3058 293 3116 quae
312 3050 379 3099 sunt
395 3039 460 3098 usui
477 3039 515 3096 ad
533 3038 686 3097 armandas
704 3057 799 3110 naves,
820 3057 857 3097 ex
875 3037 1019 3115 Hispania
1036 3059 1139 3118 appor-

145 3138 202 3196 tari
217 3139 313 3196 iubet.
355 3136 424 3212 Ipse
448 3137 637 3194 conventibus
666 3135 776 3195 Galliae
801 3137 937 3196 citerioris
960 3139 1083 3213 peractis
1100 3142 1141 3200 ¹in

145 3233 291 3310 Illyricum
321 3233 518 3310 proficiscitur,
547 3233 627 3310 quod
654 3251 672 3291 a
699 3233 817 3292 Pirustis
852 3234 1002 3292 finitimam
1027 3247 1140 3312 partem
1154 3255 1182 3306 15

145 3331 314 3408 provinciae
333 3330 546 3389 incursionibus
564 3329 668 3388 vastari
684 3331 825 3389 audiebat.
867 3329 913 3388 Eo
927 3348 994 3388 curn
1007 3333 1139 3406 venisset,

147 3427 316 3486 ciuitatibus¹
337 3427 441 3486 milites
468 3427 591 3503 imperat
613 3435 780 3504 certumque
793 3429 836 3486 in
862 3427 960 3486 locum
988 3432 1140 3492 convenire

142 3526 238 3584 iubet.
281 3524 399 3598 Quare
424 3525 555 3584 nuntiata
578 3525 706 3584 Pirustae
730 3528 842 3604 legatos
866 3528 995 3587 adeum
1016 3529 1139 3603 mittunt,

638 3638 695 3681 aa
