2606 3934
113 233 251 300 10-13·
363 228 410 278 oc
431 228 540 280 sarto
563 227 713 278 clearco
735 229 848 282 corun.
869 230 895 280 r.
1081 232 1097 294 7

112 379 268 438 necessarii
286 387 315 439 et
338 377 549 454 consanguinei
568 376 746 452 Aeduorum,
770 378 926 442 Caesarem
950 378 1101 440 certiorem

113 476 231 548 iaciunt,
252 495 317 536 sese
344 476 525 553 depopulatis
549 477 626 551 agris
647 495 708 536 non
729 476 813 537 facile
833 479 872 542 ab
897 478 1014 555 oppidis
1042 477 1100 536 vim

114 573 240 633 hostiurn
258 575 419 650 prohibere.
461 573 536 632 Item
555 573 736 650 Allobroges,
754 575 803 651 qui
822 584 902 638 trans
922 575 1100 636 Rhodanum

114 673 192 732 vicos
223 672 482 748 possessionesque
515 670 669 742 habebant,
704 671 774 748 iuga
805 691 837 732 se
870 674 909 734 ad
943 672 1100 734 Caesarem

113 769 255 846 recipiunt
287 781 316 830 et
349 769 555 842 demonstrant,
588 769 642 828 sibi
675 780 788 845 praeter
815 771 876 847 agri
909 771 1003 832 solum
1030 771 1128 846 nihi15

114 885 179 926 esse
203 867 311 944 reliqui.
353 867 467 940 Quibus
488 869 574 928 rebus
595 865 736 926 adductus
757 866 864 928 Caesar
884 887 945 928 non
969 863 1101 946 exspect-

114 968 223 1026 andum
244 967 298 1026 sibi
321 965 425 1036 statuit,
447 966 518 1024 dum
545 965 680 1024 omnibus
707 965 829 1026 fortunis
857 967 1003 1027 sociomm
1030 986 1101 1028 con-

114 1066 238 1141 sumptis
251 1066 282 1124 in
297 1063 443 1124 Santonos
458 1062 582 1122 Helvetii
597 1063 784 1140 pervenirent

104 1169 106 1174 '
155 1169 202 1221 12.
223 1163 345 1222 Flumen
359 1171 403 1220 est
416 1162 498 1233 Arar,
515 1161 596 1237 quod
614 1179 667 1238 per
680 1162 752 1222 fines
766 1160 935 1222 Aeduorum
952 1172 980 1222 et
996 1163 1102 1242 Sequa-

115 1278 221 1320 norum
239 1261 270 1320 in
287 1259 464 1318 Rhodanum
483 1259 575 1318 influit
595 1258 752 1318 incredibili
766 1259 890 1331 lenitate,
905 1260 944 1320 ita
957 1271 988 1319 ut
1002 1264 1101 1336 oculis
1117 1284 1148 1323 ro

115 1360 147 1418 in
174 1370 267 1418 utram
294 1368 406 1434 partem
434 1357 511 1427 fluat,
539 1356 656 1414 iudicari
682 1374 745 1416 non
771 1357 872 1434 possit.
913 1357 949 1417 Id
977 1358 1102 1420 Helvetii
1192 1416 1195 1422 ,

116 1458 224 1516 ratibus
238 1476 273 1516 ac
286 1456 416 1516 lintribus
430 1455 532 1514 iunctis
553 1455 719 1518 transibant.
759 1454 818 1514 Ubi
839 1474 891 1532 per
909 1457 1103 1532 exploratores

117 1555 226 1615 Caesar
240 1555 341 1614 certior
355 1554 448 1612 factus
462 1562 512 1625 est,
527 1562 585 1612 tres
599 1553 656 1612 iam
671 1553 820 1628 copiarum
838 1565 935 1629 partes
955 1554 1104 1616 Helvetios

117 1655 148 1714 id
174 1654 283 1713 flumen
310 1653 479 1723 traduxisse,
508 1660 640 1728 quartam
668 1650 726 1710 iere
754 1661 865 1728 partem
896 1655 966 1714 citra
996 1653 1104 1714 flumen

117 1751 232 1811 Ararim
245 1751 383 1826 reliquam
397 1768 468 1821 esse,
484 1749 520 1810 de
537 1750 619 1808 tertia
638 1749 732 1825 vigilia
752 1767 820 1808 cum
840 1749 1003 1826 legionibus
1017 1753 1105 1811 tribus
1119 1773 1147 1825 ¹5

117 1867 135 1908 e
157 1849 256 1908 castris
275 1847 421 1924 profectus
442 1847 480 1906 ad
501 1865 566 1906 eam
584 1856 697 1924 partem
717 1847 854 1922 pervenit,
876 1867 950 1924 quae
974 1849 1106 1908 nondum

118 1946 228 2006 flumen
244 1945 400 2004 transierat.
442 1943 503 2004 Eos
524 1944 677 2020 impeditos
699 1953 727 2003 et
747 1944 931 2020 inopinantes
952 1965 1106 2023 aggressus

119 2061 258 2118 magnam
279 2052 390 2118 partem
414 2060 515 2100 eorum
543 2042 685 2100 concidit:
713 2041 813 2117 reliqui
834 2059 897 2102 sese
918 2044 1003 2120 fugae
1023 2063 1106 2104 man-

120 2141 225 2200 darunt
259 2149 345 2216 atque
379 2139 409 2198 in
443 2139 590 2215 proximas
625 2139 710 2198 silvas
736 2138 914 2198 abdiderunt.
957 2141 987 2200 Is
1014 2161 1107 2219 pagus

119 2239 320 2318 appellabatur
347 2237 521 2312 Tigurinus:
556 2253 624 2294 nam
652 2235 747 2294 omnis
779 2237 876 2296 civitas
910 2237 1044 2298 Helvetia
1077 2240 1108 2298 in
1120 2261 1151 2296 ro

120 2348 256 2416 quattuor
282 2353 376 2412 pagos
404 2335 493 2393 divisa
520 2343 570 2392 est
613 2332 673 2392 Hic
699 2351 791 2410 pagus
819 2352 902 2406 unns,
924 2354 991 2394 cum
1019 2337 1108 2396 domo

121 2437 228 2495 exisset
249 2442 362 2510 patrum
386 2441 551 2492 nostrorum
573 2431 721 2501 memoria,
744 2429 777 2490 1.
801 2430 935 2492 Cassium
960 2435 1110 2496 consulem

120 2533 302 2593 interiecerat
322 2539 350 2588 et
371 2530 432 2588 eius
453 2529 609 2587 exercitum
630 2528 802 2604 subiugum
823 2530 947 2592 miserat.
988 2531 1034 2591 Ita
1051 2534 1109 2592 sive
1199 2517 1201 2524 ’

122 2649 194 2690 casu
215 2629 275 2689 sive
293 2627 413 2688 consilio
433 2627 554 2688 deorum
571 2625 783 2698 immortalium,
802 2644 877 2703 quae
901 2645 967 2705 pars
989 2630 1108 2690 civitatis

122 2729 274 2788 Helvetiae
298 2727 443 2802 insignem
463 2725 655 2784 calamitatem
676 2725 786 2801 populo
808 2725 945 2786 Romano
969 2728 1109 2802 intulerat,
1125 2760 1153 2812 ²5

122 2849 158 2888 ea
177 2830 310 2904 princeps
332 2842 442 2902 poenas
461 2823 605 2900 persolvit.
647 2822 715 2894 Qua
731 2823 761 2882 in
775 2841 805 2882 re
821 2821 927 2884 Caesar
941 2843 1001 2884 non
1017 2827 1111 2886 solum

123 2927 263 3004 publicas,
286 2923 339 2982 sed
366 2923 452 2980 etiam
480 2921 603 2997 privatas
629 2919 747 2978 iniurias
767 2920 843 2980 ultus
870 2932 921 2993 est,
944 2923 1023 2998 quod
1050 2926 1111 2984 eius

124 3024 218 3085 soceri
246 3022 279 3082 L.
308 3021 422 3080 Pisonis
457 3038 550 3090 avum,
578 3017 611 3078 L.
644 3017 782 3078 Pisonem
811 3019 946 3096 legatum,
980 3022 1112 3099 Tigurini

124 3122 229 3182 eodem
243 3120 361 3196 proelio,
377 3136 436 3194 quo
450 3116 592 3186 Cassium,
607 3115 815 3176 interfecerant.

165 3227 212 3279 13.
234 3218 303 3278 Hoc
330 3218 440 3295 proelio
468 3216 544 3274 iacto
576 3215 699 3291 reliquas
727 3217 826 3292 copias
855 3215 1054 3278 Helvetiorum
1081 3231 1112 3281 ut
1125 3246 1157 3297 ³⁰

125 3317 266 3392 consequi
287 3325 394 3392 posset,
418 3324 539 3392 pontem
562 3315 592 3372 in
615 3313 705 3372 Arare
732 3313 897 3374 faciendum
920 3327 999 3376 curat
1026 3328 1112 3396 atque

125 3416 166 3474 ita
193 3413 350 3472 exercitum
377 3411 507 3470 traducit
562 3409 687 3468 Helvetii
713 3411 865 3488 repentino
894 3411 955 3472 eius
988 3416 1113 3475 adventu

127 3511 276 3584 commoti,
292 3528 358 3568 cum
373 3510 410 3582 id,
426 3508 505 3586 quod
519 3508 573 3584 ipsi
588 3508 689 3568 diebus
703 3527 742 3568 xx
753 3509 910 3586 aegerrime
922 3511 1113 3589 coniecerant,
