2634 3914
153 213 289 300 23-26.
392 228 438 274 nu
459 229 568 277 sauro
592 229 741 278 qaumco
764 229 873 279 comm.
897 230 947 282 ιν.
1096 229 1134 298 77

152 376 299 452 oppressis
323 375 408 436 simul
432 388 460 438 et
481 378 518 438 de
545 379 666 438 navibus
693 379 882 439 desiliendum
907 387 935 438 et
955 379 985 437 in
1005 377 1138 439 fluctibus

153 475 370 534 'consistendum
389 477 417 535 'et
436 495 503 534 cum
515 476 646 536 hostibus
661 487 720 536 erat
738 478 937 553 pugnandum,
952 494 1019 536 cum
1037 478 1076 535 illi
1089 487 1138 536 aut

153 591 189 631 ex
203 573 284 632 arido
304 583 353 632 aut
371 575 489 650 paulum
509 575 540 633 in
561 591 666 650 aquam
685 575 831 651 progressi
849 577 983 634 omnibus
1001 576 1138 634 membris

153 671 303 747 expeditis,
318 673 473 731 notissimis
490 673 562 731 locis
583 672 718 731 audacter
739 673 795 731 tela
813 673 978 732 conicerent
997 682 1025 731 et
1046 691 1137 750 equos

152 769 328 828 insuefactos
345 770 503 830 incitarent.
544 769 658 842 Quibus
678 771 764 828 rebus
785 771 875 828 nostri
891 771 1030 846 perterriti
1052 782 1164 848 atque5

153 865 237 926 huius
248 868 369 926 omnino
380 869 495 944 generis
506 886 622 944 pugnae
631 867 754 942 imperiti
765 885 827 926 non
836 867 937 927 eadem
946 868 1089 928 alacritate
1103 887 1138 928 ac

154 965 258 1036 studi0,
272 983 332 1041 quo
351 967 381 1023 in
394 966 574 1041 pedestribus
588 965 629 1022 uti
648 965 762 1041 proeliis
781 975 962 1038 consuerant,
977 967 1136 1028 utebantur.

153 1068 206 1121 25.
228 1061 319 1134 Quod
331 1062 381 1120 ubi
396 1061 503 1122 Caesar
521 1062 726 1127 animadvertit,
741 1079 828 1120 naves
848 1062 959 1138 longas,
975 1081 1096 1139 quarum
1110 1075 1138 1124 et

153 1161 265 1236 species
278 1171 338 1219 erat
351 1161 478 1220 barbaris
492 1161 652 1218 inusitatior
665 1169 694 1217 et
709 1169 807 1218 motus
820 1159 859 1218 ad
872 1178 957 1218 usum
970 1162 1137 1238 expeditior,

152 1258 270 1334 paulum
288 1259 428 1317 removeri
445 1259 482 1316 ab
497 1257 634 1317 onerariis
651 1257 770 1315 navibus
791 1266 819 1316 et
832 1258 918 1316 remis
935 1259 1044 1317 incitari
1058 1270 1086 1318 et
1100 1261 1138 1320 ad
1153 1283 1182 1316 10

151 1356 225 1415 latus
245 1366 375 1433 apertum
395 1356 522 1416 hostium
542 1355 677 1414 constitui
697 1364 783 1432 atque
804 1355 872 1414 inde
892 1355 997 1428 fundis,
1018 1359 1136 1434 sagittis,

152 1456 303 1515 tormentis
329 1456 428 1514 hostes
460 1454 581 1530 propelli
608 1471 643 1512 ac
671 1453 834 1512 submoveri
861 1453 958 1527 iussit;
989 1473 1063 1531 quae
1090 1476 1137 1516 res

152 1572 260 1630 magno
274 1554 339 1612 usui
353 1553 458 1611 nostris
472 1551 532 1610 fuit.
574 1551 652 1610 Nam
669 1559 697 1608 et
711 1551 825 1609 navium
842 1551 933 1628 figura
946 1561 974 1610 et
992 1571 1137 1614 remorum

151 1661 234 1709 motu
253 1661 281 1709 et
295 1651 428 1710 inusitato
449 1668 555 1726 genere
572 1658 781 1708 tormentorum
797 1650 921 1725 permoti
941 1651 1052 1710 barbari
1066 1671 1136 1712 con·

152 1749 282 1808 stiterunt
303 1767 337 1808 ac
352 1749 469 1825 paulum
483 1748 573 1807 modo
592 1748 698 1823 pedem
718 1747 882 1807 retulerunt
922 1748 1019 1826 Atque
1032 1752 1136 1810 nostris
1152 1769 1179 1820 15

151 1847 287 1908 militibus
312 1847 520 1917 cunctantibus,
546 1847 670 1904 maxime
698 1855 815 1921 propter
841 1845 1019 1905 altitudinem
1042 1849 1136 1921 maris,

152 1944 201 2019 qui
216 1944 345 2002 decimae
364 1943 485 2020 legionis
504 1943 629 2020 aquilam
644 1943 759 2013 ferebat,
775 1951 949 2002 contestatus
964 1944 1044 2017 deos,
1058 1956 1088 2004 ut
1103 1966 1137 2006 ea

151 2059 197 2099 res
215 2041 322 2116 legioni
341 2041 458 2098 feliciter
478 2041 619 2099 eveniret:
641 2039 797 2111 ‘Desilite,'
816 2040 916 2116 inquit,
936 2042 1063 2114 ‘milites
1082 2046 1137 2102 nisi

150 2139 234 2196 vultis
246 2139 370 2215 aquilam
386 2138 516 2196 hostibus
529 2138 667 2214 prodere:
689 2155 745 2213 ego
760 2146 836 2196 certe
850 2155 949 2194 meum
965 2140 1136 2214 reipublicae

151 2246 237 2313 atque
252 2235 417 2312 imperatori
427 2235 552 2294 officium
566 2233 751 2310 praestitero!
787 2233 855 2292 Hoc
869 2253 936 2293 cum
946 2254 1017 2294 voce
1030 2256 1137 2314 magna
1150 2261 1181 2295 κο

151 2333 277 2404 dixisset,
300 2351 331 2391 se
352 2351 388 2391 ex
410 2333 474 2391 navi
496 2332 614 2408 proiecit
634 2341 720 2407 atque
742 2332 772 2390 in
794 2331 892 2391 hostes
916 2335 1041 2410 aquilam
1064 2335 1137 2395 ferre

151 2433 255 2506 coepit.
297 2430 376 2489 Tum
397 2429 486 2488 nostri
507 2429 647 2488 cohortati
668 2430 741 2488 inter
762 2448 801 2502 se,
823 2449 860 2488 ne
881 2439 991 2489 tantum
1011 2433 1136 2494 dedecus

70 2573 72 2578 ,
150 2529 353 2598 admitteretur,
377 2527 501 2585 universi
528 2546 564 2585 ex
592 2528 658 2585 navi
686 2528 868 2588 desiluerunt.
911 2529 977 2590 Hos
1005 2531 1073 2591 item
1101 2553 1136 2592 ex

150 2627 289 2702 proximis
311 2625 410 2702 primis
432 2625 552 2683 navibus
573 2642 640 2683 cum
659 2625 885 2700 conspexissent,
905 2629 1049 2688 subsecuti
1068 2629 1136 2690 hos-

149 2725 226 2782 tibus
260 2723 536 2799 appropinquarunt.
590 2729 643 2781 26.
664 2721 828 2798 Pugnatum
862 2733 906 2783 est
940 2727 977 2785 ab
1009 2729 1136 2807 utrisque
1150 2762 1180 2811 25

149 2821 258 2880 acriter.
300 2819 399 2878 Nostri
422 2829 528 2890 tamen,
554 2821 633 2897 quod
654 2839 748 2897 neque
773 2820 888 2880 ordines
907 2841 1018 2884 servare
1042 2845 1136 2903 neque

149 2917 265 2975 firmiter
282 2918 412 2976 insistere
431 2936 525 2994 neque
545 2919 627 2993 signa
647 2919 782 2994 subsequi
801 2929 941 2995 poterant,
959 2932 1045 2998 atque
1064 2925 1136 2985 alius

148 3016 204 3074 alia
222 3034 257 3074 ex
277 3015 351 3087 navi,
366 3016 595 3092 quibuscumque
609 3016 699 3092 signis
713 3027 883 3088 occurrerat,
902 3036 933 3076 se
951 3023 1136 3096 aggregabat,

148 3131 325 3188 magnopere
340 3113 577 3188 perturbabantur
584 3131 591 3184 ;
609 3112 707 3171 hostes
720 3129 796 3185 vem,
808 3115 883 3172 notis
899 3117 1033 3175 omnibus
1046 3119 1135 3191 vadia,

147 3211 198 3269 ubi
220 3229 256 3269 ex
280 3211 361 3270 litore
390 3211 499 3286 aliquos
527 3210 686 3285 singulares
711 3220 740 3269 et
763 3212 829 3269 navi
857 3213 1036 3287 egredientes
1064 3233 1135 3274 con·
1148 3246 1180 3294 30

148 3318 309 3385 spexerant,
341 3309 464 3368 incitatis
498 3309 579 3385 equis
613 3309 766 3384 impeditos
801 3309 1009 3383 adoriebantur,
1040 3313 1135 3389 plures

148 3424 258 3483 paucos
272 3406 526 3475 circumsistebant,
541 3405 586 3462 alii
601 3406 638 3462 ab
651 3406 738 3464 latere
753 3415 852 3480 aperto
871 3406 901 3464 in
917 3408 1065 3468 universos
1079 3411 1135 3470 tela

149 3505 338 3565 coniciebant.
381 3501 470 3576 Quod
502 3521 570 3564 cum
597 3503 841 3563 animadvertisset
870 3502 984 3580 Caesar,
1012 3507 1133 3586 scaphas
