2606 3934
203 195 222 258 6
523 212 552 262 c.
575 213 670 262 rurrr
691 212 861 264 crrsrnrr
1164 217 1189 264 1.

203 359 314 420 civitate
342 361 522 440 Orgetorigis
542 364 629 424 filiam
649 365 680 424 in
706 364 922 424 matrimonium
943 364 1071 436 duxerat,
1091 372 1120 423 et
1140 381 1190 423 cu·

204 459 322 534 piditate
358 461 441 536 regni
473 461 614 522 adductus
645 462 727 520 novis
758 463 845 521 rebus
878 463 1011 522 studebat
1043 470 1072 520 et
1101 479 1190 538 quam

204 557 341 633 plurimas
369 559 495 618 civitates
523 578 576 618 suo
596 560 737 620 beneficio
758 560 864 618 habere
891 560 1043 620 obstrictas
1067 559 1189 618 volebat.

206 653 306 730 Itaque
333 674 395 714 rem
423 657 541 733 suscipit
567 667 596 716 et
622 676 640 716 a
668 657 808 732 Sequanis
829 657 971 734 impetrat,
992 667 1024 717 ut
1043 677 1096 735 per
1116 658 1190 716 fines

177 767 191 816 5
206 770 274 812 suos
296 753 445 813 Helvetios
464 755 504 812 ire
525 756 673 830 patiantur,
688 755 863 831 obsidesque
884 756 925 814 uti
944 755 1017 814 inter
1030 773 1094 816 sese
1109 755 1188 827 dent,

205 851 331 925 perficit:
354 850 488 926 Sequani,
511 871 549 910 ne
567 853 667 911 itinere
684 851 833 911 Helvetios
854 852 1035 928 prohibeant,
1055 851 1190 924 Helvetii,

204 957 236 1004 ut
253 947 314 1006 sine
333 949 475 1008 maleficio
492 959 520 1008 et
541 950 641 1009 iniuria
656 959 809 1010 transeant.
850 956 899 1010 10.
928 949 1045 1010 Caesari
1063 949 1190 1008 renunti-

205 1056 276 1116 atur,
302 1045 442 1104 Helvetiis
463 1065 526 1106 esse
547 1048 577 1105 in
601 1049 707 1119 animo,
728 1066 780 1124 per
809 1065 911 1124 agmm
933 1047 1134 1125 Sequanorum
1162 1055 1191 1106 et

204 1144 373 1202 Aeduorum
400 1144 453 1204 iter
479 1145 509 1202 in
531 1145 691 1204 Santonum
712 1146 784 1206 fines
811 1146 914 1213 facere,
936 1148 986 1222 qui
1013 1164 1074 1205 non
1101 1145 1190 1220 longe

162 1259 222 1302 roa
244 1240 426 1300 Tolosatium
446 1241 550 1301 finibus
572 1244 684 1314 absunt,
705 1262 779 1320 quae
801 1244 898 1304 civitas
920 1253 964 1302 est
984 1244 1015 1302 in
1035 1243 1189 1319 provincia

205 1338 241 1396 Id
268 1339 291 1397 si
318 1339 406 1411 fieret,
427 1339 610 1416 intellegebat
637 1360 747 1418 magno
774 1361 842 1402 cum
869 1341 998 1417 periculo
1024 1341 1190 1417 provinciae

204 1436 338 1509 futurum,
359 1447 391 1496 ut
417 1437 553 1496 homines
579 1439 740 1509 bellicosos,
768 1437 868 1516 populi
895 1438 1023 1498 Romani
1050 1439 1191 1510 inimicos

205 1534 276 1594 locis
300 1537 465 1610 patentibus
489 1537 672 1612 maximeque
694 1536 885 1596 frumentariis
906 1537 1044 1596 finitimos
1064 1538 1190 1596 haberet.

206 1632 255 1691 Ob
282 1650 331 1691 eas
359 1651 460 1692 causas
487 1634 513 1691 ei
541 1634 699 1704 munitioni,
721 1652 810 1710 quam
837 1634 951 1706 fecerat,
972 1635 1009 1694 T.
1031 1635 1192 1694 Labienum

162 1752 191 1802 15
205 1730 333 1805 legatum
359 1730 513 1806 praefecit5
541 1731 603 1807 ipse
624 1732 654 1788 in
675 1731 787 1790 Italiam
813 1733 927 1806 magnis
952 1732 1098 1790 itineribus
1121 1749 1192 1789 con·

205 1829 296 1886 tendit
315 1829 444 1904 duasque
463 1829 502 1886 ibi
523 1829 654 1904 legiones
675 1829 830 1888 conscribit
849 1839 878 1888 et
900 1839 965 1901 tter,
988 1848 1063 1905 quae
1084 1829 1192 1888 circum

205 1926 368 2001 Aquileiam
388 1926 561 1998 hiemabant,
584 1946 619 1986 ex
636 1927 762 1986 hibernis
781 1927 876 1986 educit
892 1937 928 1998 et,
950 1945 1007 2002 qua
1027 1928 1192 2003 proximum

205 2026 258 2082 iter
276 2025 306 2081 in
325 2025 488 2084 ulteriorem
510 2024 634 2084 Galliam
655 2044 707 2101 per
724 2025 814 2102 Alpes
836 2034 905 2096 erat,
920 2043 987 2084 cum
1006 2025 1051 2082 his
1065 2025 1192 2102 quinque

204 2122 365 2197 legionibus
393 2122 433 2180 ire
460 2123 616 2181 contendit
672 2124 717 2182 Ibi
745 2123 907 2182 Ceutrones
935 2131 964 2182 et
992 2122 1137 2182 Graioceli
1165 2132 1193 2180 et

162 2249 193 2284 20
206 2218 357 2296 Caturiges
391 2219 463 2279 locis
498 2221 692 2296 superioribus
722 2223 871 2298 occupatis
903 2221 1003 2280 itinere
1036 2221 1193 2279 exercitum

204 2317 357 2393 prohibere
384 2326 534 2376 conantur.
591 2317 795 2394 Compluribus
822 2318 868 2377 his
896 2318 1010 2394 proeliis
1037 2318 1127 2395 pulsis
1155 2317 1193 2376 ab

206 2413 306 2484 Ocel0‚
331 2414 411 2490 quod
438 2423 483 2472 est
509 2414 646 2472 citerioris
673 2415 837 2491 provinciae
865 2424 1034 2487 extremum,
1059 2417 1090 2473 in
1118 2415 1192 2474 fines

205 2509 417 2570 Vocontiorum
451 2511 591 2570 ulterioris
622 2514 787 2589 provinciae
815 2514 862 2572 die
889 2515 1015 2591 septimo
1043 2513 1191 2591 pervenit;

205 2609 273 2667 inde
296 2609 327 2666 in
349 2609 540 2684 Allobrogum
561 2610 643 2676 fines,
665 2612 702 2668 ab
729 2610 935 2685 Allobrogibus
962 2611 992 2668 in
1021 2609 1194 2686 Segusiavos

163 2733 175 2769 2
179 2733 192 2782 5
207 2707 361 2764 exercitum
373 2705 458 2764 ducit.
501 2705 542 2762 Hi
558 2715 624 2764 sunt
637 2717 717 2766 extra
729 2707 908 2783 provinciam
922 2716 1001 2766 trans
1016 2707 1195 2766 Rhodanum

206 2805 299 2881 primi.
339 2809 381 2862 11.
410 2803 535 2862 Helvetii
549 2805 606 2860 iam
621 2823 672 2880 per
686 2805 834 2880 angustias
853 2816 881 2863 et
896 2805 968 2864 fines
991 2805 1195 2882 Sequanorum

206 2919 273 2960 suas
298 2902 396 2977 copias
415 2901 600 2960 traduxerant
623 2912 651 2960 et
675 2903 705 2960 in
725 2903 893 2962 Aeduorum
914 2903 987 2962 fines
1006 2915 1196 2980 pervenerant

205 3017 363 3076 eorumque
386 3017 471 3074 agros
495 3000 714 3076 populabantur.
755 3001 858 3070 Aedui,
879 3019 946 3059 cum
968 3019 999 3059 se
1020 3019 1129 3077 suaque
1157 3005 1195 3060 ab

204 3097 238 3156 iis
267 3097 420 3156 defendere
448 3114 508 3154 non
536 3107 663 3172 possent,
692 3099 803 3174 legatos
831 3097 869 3155 ad
897 3097 1054 3157 Caesarem
1076 3101 1194 3157 mittunt

162 3222 193 3271 30
206 3207 339 3270 rogatum
353 3194 505 3252 auxilium:
527 3194 572 3252 Ita
586 3213 617 3253 se
631 3197 711 3253 omni
725 3207 856 3272 ternpore
876 3198 913 3257 de
932 3197 1042 3274 populo
1057 3197 1195 3256 Romano

206 3294 322 3351 meritos
344 3311 416 3363 esse,
437 3303 469 3351 ut
490 3311 582 3368 paene
603 3295 634 3351 in
658 3306 816 3371 conspectu
844 3297 986 3356 exercitus
1013 3297 1104 3355 nostri
1132 3295 1195 3371 agri

206 3391 317 3461 vastari,
349 3391 428 3448 liberi
460 3408 561 3448 eorum
594 3393 624 3450 in
656 3394 819 3452 servitutem
858 3395 971 3464 abduci,
1004 3393 1113 3471 oppida
1144 3413 1195 3452 ex-

205 3489 328 3568 pugnari
349 3507 409 3546 non
436 3489 594 3548 debuerint.
636 3490 750 3549 Eodem
771 3501 902 3568 tempore
929 3492 1024 3551 Aedui
1051 3494 1194 3567 Ambarri,
