2652 3928
206 190 268 258 174
523 191 552 239 c.
575 191 669 238 rurrr
690 189 862 240 carsanrs
1139 197 1197 243 vrr.

207 358 360 399 numerum
384 357 446 398 non
470 339 694 415 compleverunt,
720 339 800 415 quod
829 358 860 399 se
888 358 941 400 suo
967 342 1085 401 nomine
1110 352 1197 417 atque

207 440 323 498 arbitrio
354 457 421 496 cum
453 437 594 495 Romanis
628 437 734 494 bellum
769 447 901 513 gesturos
937 439 1071 498 dicebant
1101 459 1197 516 neque

207 540 376 615 cuiusquam
395 537 517 613 imperio
535 538 800 612 obtemperaturos;
822 535 915 613 rogati
934 547 1031 598 tamen
1051 541 1087 598 ab
1107 538 1196 598 Com-

208 637 267 694 mio
287 654 340 713 pro
362 636 423 693 eius
441 635 568 710 hospitio
589 635 648 693 duo
662 634 741 692 milia
761 652 820 693 una
833 635 980 694 miseruut.
1024 642 1076 697 76.
1099 636 1197 696 Huius

179 748 297 811 sopera
318 734 451 804 Commii,
474 743 505 792 ut
526 743 610 792 antea
633 734 899 804 demonstravimus,
922 734 1000 794 fideli
1024 746 1111 812 atque
1135 737 1197 794 utili

208 833 401 908 superioribus
425 832 508 890 annis
532 841 592 890 erat
615 849 684 890 usus
713 831 742 888 in
767 830 914 890 Britannia
936 831 1044 892 Caesar
1051 853 1059 906 ;
1091 835 1196 910 quibus

207 931 253 988 ille
274 948 327 1006 pro
348 930 455 988 meritis
476 929 618 987 civitatem
639 931 701 988 eius
722 930 881 987 immunem
901 947 966 988 esse
987 931 1114 1001 iusserat,
1134 933 1196 990 iura

207 1029 344 1103 legesque
362 1027 525 1086 reddiderat
539 1037 625 1104 atque
643 1027 697 1102 ipsi
712 1025 845 1085 Morinos
864 1028 1038 1086 attribuerat.
1080 1028 1196 1088 Tamen

208 1135 288 1183 tanta
307 1125 455 1183 universae
474 1123 585 1183 Galliae
603 1125 758 1184 consensio
775 1123 828 1182 suit
849 1124 986 1183 libertatis
1005 1125 1195 1186 vindicandae

165 1246 195 1282 ro
208 1233 237 1281 et
261 1223 397 1299 pristinae
422 1223 489 1281 belli
512 1222 605 1281 laudis
628 1223 851 1298 recuperandae,
873 1231 904 1282 ut
928 1241 1023 1298 neque
1047 1224 1195 1283 beneficiis

208 1337 303 1395 neque
324 1321 465 1378 amicitiae
485 1321 625 1378 memoria
645 1328 836 1391 moverentur,
858 1338 1019 1397 omnesque
1044 1333 1072 1380 et
1096 1323 1194 1381 animo

207 1427 235 1475 et
256 1419 361 1494 opibus
381 1419 411 1474 in
432 1417 462 1475 id
481 1417 587 1476 bellum
607 1418 813 1476 incumberent.
856 1416 972 1476 Coactis
992 1420 1122 1495 equitum
1143 1439 1195 1480 v111

207 1515 321 1573 milibus
343 1525 371 1573 et
395 1515 524 1590 peditum
545 1515 654 1572 circiter
674 1530 729 1571 cor.
752 1514 823 1572 haec
847 1515 878 1571 in
898 1515 1068 1575 Aeduorum
1089 1518 1195 1578 finibus

207 1614 437 1682 recensebantru,
471 1630 665 1687 numerusque
700 1612 830 1681 inibatur,
866 1613 1003 1687 praefecti
1037 1617 1193 1674 constitue-

164 1730 192 1780 r5
206 1712 318 1768 bantur.
374 1709 509 1768 Commio
546 1709 682 1779 Atrebati,
721 1708 905 1768 Viridomaro
943 1720 972 1769 et
1001 1711 1194 1789 Eporedorigi

206 1806 325 1878 Aeduis,
354 1806 620 1866 Vercassivellauno
649 1807 788 1876 Arverno,
820 1808 996 1867 consobrino
1025 1808 1193 1885 Vercinget-

207 1905 304 1980 origis,
333 1922 447 1963 summa
473 1907 584 1982 imperii
612 1905 736 1963 traditur.
789 1903 846 1962 His
877 1903 980 1964 delecti
1012 1924 1048 1964 ex
1076 1907 1193 1965 civitati-

205 2002 260 2059 bus
286 2003 484 2075 attribuuntur,
509 2021 633 2080 quorum
660 2001 781 2061 consilio
809 2001 916 2059 bellurn
942 2002 1192 2063 administraretur.

206 2099 318 2158 Omnes
340 2101 447 2160 alacres
468 2111 497 2160 et
517 2101 637 2160 fiduciae
657 2100 734 2175 pleni
755 2099 793 2158 ad
813 2100 941 2158 Alesiam
964 2102 1192 2178 proficiscuntur,

161 2217 193 2252 ro
204 2215 300 2273 neque
325 2209 385 2256 erat
405 2200 536 2257 omnium
560 2199 720 2274 quisquam,
741 2197 792 2272 qui
816 2207 966 2273 aspectum
986 2201 1076 2258 modo
1096 2209 1193 2260 tantae

205 2303 394 2362 multitudinis
416 2304 547 2363 sustineri
570 2321 658 2378 posse
679 2303 866 2374 arbitraretur,
887 2306 1054 2382 praesertim
1075 2306 1192 2382 ancipiti

204 2401 323 2475 proelio,
346 2419 413 2459 eum
433 2421 470 2460 ex
495 2401 603 2478 oppido
624 2401 774 2475 eruptione
797 2413 980 2477 pugnaretur,
1002 2403 1071 2463 ioris
1094 2414 1192 2463 tantae

206 2500 306 2574 copiae
327 2501 469 2576 equitatus
489 2500 689 2576 peditatusque
711 2509 901 2558 cernerentur.

245 2603 295 2658 77.
317 2598 357 2656 At
380 2598 407 2668 ii,
429 2599 479 2673 qui
504 2597 619 2655 Alesiae
644 2596 855 2666 obsidebantur,
881 2599 1032 2672 praeterita
1056 2599 1110 2668 die,
1133 2619 1191 2676 qua

161 2706 190 2756 ²5
204 2695 308 2752 auxilia
333 2714 449 2754 suorum
473 2702 716 2771 exspectaverant,
739 2705 913 2769 consumpto
935 2697 1016 2754 omni
1036 2683 1190 2770 frumento,

203 2793 285 2850 inscii
311 2793 380 2868 quid
407 2794 438 2850 in
462 2794 572 2852 Aeduis
596 2801 749 2867 gereretur,
772 2793 897 2850 concilio
921 2803 1023 2852 coacto
1052 2795 1088 2853 de
1112 2797 1190 2855 exitu

204 2909 319 2949 suarum
341 2891 519 2950 iortrmarum
537 2890 747 2950 consultabant.
789 2889 834 2946 Ac
855 2889 938 2948 variis
959 2891 1042 2950 dictis
1063 2903 1189 2953 sentent-

202 2989 244 3058 iis,
266 3008 388 3064 quarum
412 3008 479 3066 pars
503 2989 688 3058 deditionem,
711 3003 787 3062 pars,
809 2985 879 3044 dum
899 2988 972 3046 vires
994 3000 1188 3064 suppeterent,

202 3088 383 3162 eruptionem
410 3088 556 3156 censebat,
585 3103 645 3143 non
671 3084 880 3160 praetereunda
907 3086 998 3145 oratio
1023 3085 1188 3163 Critognati

156 3197 189 3248 30
201 3185 311 3242 videtur
339 3195 455 3260 propter
479 3185 540 3241 eius
569 3183 741 3257 singularem
766 3189 794 3238 et
817 3180 956 3240 nefariam
981 3183 1185 3247 crudelitatem.

201 3279 259 3338 Hic
292 3299 406 3339 summo
437 3282 467 3338 in
498 3279 633 3338 Arvernis
661 3288 740 3336 ortus
770 3279 836 3364 locq
863 3289 892 3344 et
918 3298 1042 3356 magnae
1071 3283 1186 3344 habitus

200 3379 390 3436 auctoritatis:
424 3375 536 3447 ‘Nihil’
560 3377 659 3452 inquit,
685 3375 738 3434 ‘de
762 3394 862 3434 eorum
890 3380 1031 3438 sententia
1059 3380 1185 3442 dicturus

200 3492 273 3544 sum,
296 3476 345 3549 qui
368 3476 562 3550 turpissimam
587 3475 748 3534 servitutem
772 3475 924 3536 deditionis
945 3479 1063 3538 nomine
1084 3480 1185 3557 appel·
