2634 3914
135 243 232 309 6-8.
367 261 413 307 oa
434 261 544 309 astro
568 261 718 310 cantico
741 263 850 314 corun.
877 265 907 313 ν.
1086 252 1125 336 87

133 409 207 468 locis
234 409 304 468 flare
332 411 489 482 consuevit,
518 411 605 470 dabat
633 431 762 488 operam,
790 424 822 472 ut
854 415 884 472 in
912 415 1007 472 officio
1035 403 1142 474 Dum-'

134 509 268 583 norigem
282 509 450 579 contineret,
468 509 557 567 nihilo
576 519 675 568 tamen
694 513 788 570 secius
807 512 907 570 omnia
926 513 987 570 eius
1007 513 1128 570 consilia

135 614 343 680 cognosceret:
374 605 493 663 tandem
516 606 654 664 idoneam
677 617 780 667 nactus
801 618 1003 684 tempestatem
1023 609 1127 670 milites

135 704 304 780 equitesque
326 703 523 762 conscendere
543 705 573 762 in
589 723 678 764 naves
698 706 785 766 iubet.
828 708 870 765 At
886 708 1017 766 omnium
1035 709 1127 784 impe·

136 801 202 860 ditis
224 802 328 860 animis
352 801 516 860 Dumnorix
539 821 606 860 cum
628 803 772 878 equitibus
796 805 967 863 Aeduorum
988 824 1006 864 a
1027 806 1153 873 castriss

135 899 274 958 insciente
284 898 409 958 Caesare
424 901 545 957 domum
560 900 708 958 discedere
723 902 827 976 coepit.
871 901 939 973 Qua
949 920 980 960 re
995 903 1127 961 nuntiata

135 997 244 1056 Caesar
257 997 421 1056 intermissa
439 997 619 1074 profectione
634 1007 721 1074 atque
738 1000 834 1056 omnis
851 1001 940 1058 rebus
956 999 1127 1076 postpositis

135 1113 274 1170 magnam
288 1105 399 1170 partem
416 1096 559 1172 equitatus
576 1095 613 1153 ad
627 1114 695 1154 eum
713 1097 926 1172 insequendum
940 1097 1027 1155 mittit
1040 1106 1128 1155 retra-

135 1193 222 1268 hique
246 1193 386 1268 imperat3
408 1195 432 1252 si
457 1193 515 1251 vim
537 1193 624 1252 faciat
645 1211 740 1269 neque
762 1203 870 1269 pareat,
895 1195 1016 1253 interfici
1039 1197 1127 1268 iubet,

135 1291 206 1348 nihil
234 1290 312 1349 hunc
338 1310 369 1350 se
398 1293 516 1350 absente
539 1309 593 1367 pro
616 1308 687 1350 sano
716 1291 859 1349 factumm
883 1291 1043 1363 arbitratus,
1077 1293 1127 1368 qui
1142 1315 1172 1350 10

135 1389 295 1466 praesentis
323 1389 477 1465 imperium
504 1389 688 1464 neglexisset.
731 1389 783 1446 Ille
805 1390 884 1446 enim
912 1399 1062 1448 revocatus
1084 1408 1128 1448 re-

135 1489 236 1546 sistere
257 1505 291 1545 ac
316 1505 347 1546 se
374 1505 463 1545 manu
485 1486 640 1546 defendere
665 1504 842 1563 suorumque
865 1487 953 1544 fidem
974 1487 1128 1564 implorare

135 1585 231 1660 coepit
254 1603 341 1660 saepe
363 1585 513 1643 clamitans
534 1584 656 1642 liberum
677 1602 708 1642 se
729 1584 893 1661 liberaeque
914 1603 978 1643 esse
1000 1585 1126 1644 civitatis.

135 1682 189 1752 Illi,
208 1691 240 1740 ut
260 1692 320 1740 erat
341 1683 522 1758 imperatum,
542 1682 754 1740 circumsistunt
772 1681 922 1740 hominem
939 1693 1025 1759 atque
1042 1684 1142 1742 inter-¹

135 1779 251 1853 ficiunt;
273 1788 303 1837 at
323 1781 434 1855 equites
455 1779 551 1838 Aedui
572 1780 610 1837 ad
631 1779 786 1838 Caesarem
808 1798 912 1838 omnes
939 1790 1127 1839 revertuntur.
1143 1802 1171 1852 15

137 1885 166 1938 8.
189 1877 246 1936 His
273 1879 359 1936 rebus
392 1879 480 1954 gestis
511 1876 641 1935 Labieno
670 1877 715 1934 in·
733 1877 902 1936 continente
936 1896 1004 1937 cum
1037 1880 1127 1937 tribus

135 1976 299 2051 legionibus
326 1984 355 2033 et
381 1975 510 2052 equiturn
539 1975 654 2032 milibus
682 1975 796 2033 duobus
830 1975 939 2046 relict0,
967 1985 999 2033 ut
1026 1986 1127 2051 portus

135 2083 262 2133 tueretur
282 2082 312 2130 et
329 2091 390 2130 rem
407 2073 624 2130 fmmentariam
643 2072 814 2147 provideret,
833 2090 965 2148 quaeque
986 2074 1016 2130 in
1035 2071 1130 2132 Gallia

135 2181 303 2248 gererentur
331 2180 523 2246 cognosceret
546 2169 756 2244 consiliumque
784 2187 837 2244 pro
862 2179 994 2246 tempore
1022 2180 1051 2228 et
1074 2189 1128 2247 pro

135 2288 166 2328 re
191 2279 315 2344 caperet,
343 2269 407 2346 ipse
431 2287 498 2326 curn
522 2269 650 2344 quinque
673 2267 835 2341 legionibus
863 2278 891 2326 et
919 2268 981 2344 pari
1005 2285 1127 2326 numero
1144 2289 1174 2323 ιο

136 2368 274 2443 equitum,
300 2385 387 2443 quem
412 2367 442 2424 in
467 2366 626 2424 continenti
647 2365 807 2440 reliquerat,
832 2364 870 2424 ad
894 2366 963 2423 solis
990 2383 1128 2424 occasum

136 2483 224 2524 naves
247 2465 330 2524 solvit
355 2473 383 2522 et
407 2465 465 2522 leni
487 2463 586 2522 Africo
609 2471 762 2539 provectus
786 2463 882 2521 media
908 2464 1018 2522 circiter
1042 2475 1128 2524 nocte

136 2573 224 2621 vento
253 2562 416 2621 intermisso
451 2580 567 2620 cursum
601 2578 661 2618 non
695 2560 786 2618 tenuit
814 2569 843 2618 et
871 2561 986 2637 longius
1017 2563 1128 2622 delatus

137 2671 220 2720 aestu
241 2670 305 2719 orta
324 2661 389 2718 luce
410 2660 464 2717 sub
487 2659 601 2718 sinistra
621 2657 799 2715 Britanniam
820 2659 948 2717 relictam
970 2661 1128 2736 conspexit.

136 2758 217 2816 Tum
244 2775 342 2815 mrsus
370 2767 466 2816 aestus
499 2756 758 2814 commutationem
792 2765 907 2815 secutus
938 2759 1025 2816 remis
1058 2777 1128 2817 con·
1143 2777 1172 2828 25

135 2856 234 2928 tendit,
255 2865 287 2913 ut
311 2873 376 2912 eam
401 2864 512 2931 partem
535 2854 644 2912 insulae
670 2863 792 2930 caperet,
818 2872 876 2929 qua
898 2855 1041 2929 optimum
1064 2875 1127 2914 esse

135 2971 286 3030 egressum
311 2954 458 3028 superiore
479 2962 587 3010 aestate
608 2961 790 3028 cognoverat.
835 2951 902 3022 Qua
923 2953 953 3009 in
973 2971 1004 3010 re
1025 2954 1127 3012 admo-

136 3051 207 3110 dum
226 3051 279 3108 fuit
297 3051 418 3108 militum
437 3051 524 3109 virtus
545 3050 696 3121 laudanda,
717 3050 767 3126 qui
783 3051 916 3108 vectoriis
936 3051 1128 3128 gravibusque

135 3149 259 3224 navigiis
280 3165 341 3206 non
359 3149 522 3206 intermisso
539 3149 699 3224 remigandi
720 3149 818 3206 labore
838 3149 992 3223 longarum
1012 3151 1128 3207 navium

137 3266 254 3308 cursum
274 3248 478 3322 adaequarunt.
514 3247 676 3306 Accessum
699 3248 802 3306 estad
826 3246 1007 3304 Britanniam
1035 3249 1127 3305 omni·
1142 3262 1173 3311 30

135 3347 192 3404 bus
219 3346 340 3403 navibus
373 3345 531 3404 meridiano
560 3345 619 3404 fere
647 3355 788 3421 ternpore,
816 3362 911 3421 neque
938 3346 968 3402 in
996 3363 1033 3404 eo
1060 3346 1126 3404 loco

134 3445 227 3503 hostis
256 3453 300 3502 est
323 3443 416 3515 visus;
452 3445 512 3515 sed,
537 3453 569 3501 ut
592 3454 694 3520 postea
719 3443 826 3501 Caesar
850 3462 887 3502 ex
911 3444 1029 3519 captivis
1058 3463 1127 3520 cog·

135 3543 226 3615 novit,
255 3559 323 3600 cum
355 3559 479 3618 magnae
507 3559 610 3601 manus
643 3559 679 3600 eo
708 3541 919 3615 convenissent,
948 3543 1128 3602 multitudine
