2652 3928
194 231 254 314 178
529 251 556 299 o.
580 251 673 298 rusrr
692 250 865 300 cassurus
1129 251 1186 305 vn.

191 395 333 454 accedunt
337 416 349 470 ,·
377 396 473 458 fundis
498 399 635 460 librilibus
658 401 843 477 sudibusque,
864 417 937 477 quas
960 400 990 458 in
1014 419 1103 477 opere
1128 400 1185 460 dis·

191 503 356 569 posuerant,
392 515 427 555 ac
461 497 616 573 glandibus
655 498 756 558 Gallos
797 506 968 575 proterrent.
1023 497 1186 574 Prospectu

191 593 317 651 tenebris
351 594 489 670 adempto
529 597 619 654 multa
656 597 802 672 utrimque
840 596 958 654 vulnera
997 596 1185 672 accipiuntur.

193 687 354 765 Complura
371 694 521 751 tormentis
539 693 595 751 tela
614 694 804 752 coniciuntur.
846 695 885 752 At
904 693 1023 752 Marcus
1041 693 1185 751 Antonius

165 796 220 854 5et
241 785 331 846 Gaius
353 787 519 848 Trebonius
539 791 634 868 legati,
649 791 753 868 quibus
775 791 830 850 hae
850 803 946 866 partes
967 790 1006 849 ad
1026 789 1185 849 defenden-

192 885 262 943 dum
283 886 467 958 obvenerant,
488 905 546 963 qua
566 907 602 946 ex
624 899 704 964 parte
726 897 842 946 nostros
864 888 956 963 premi
977 887 1185 956 intellexerant,

190 981 235 1040 his
259 982 364 1042 auxilio
388 1001 425 1042 ex
449 985 630 1045 ulterioribus
656 985 777 1044 castellis
800 985 941 1044 deductos
970 986 1183 1044 submittebant.

193 1085 245 1137 82.
266 1079 345 1138 Dum
363 1080 478 1158 longius
497 1085 534 1140 ab
553 1083 714 1141 munitione
735 1084 854 1140 aberant
873 1080 958 1152 Galli,
973 1083 1038 1158 plus
1057 1083 1185 1140 multitu-

192 1177 259 1235 dine
272 1177 394 1236 telorum
408 1180 615 1255 proficiebant3
637 1190 828 1256 posteaquam
842 1180 963 1255 propius
975 1188 1185 1248 successerunt,

150 1295 180 1330 10
192 1285 241 1332 aut
260 1292 290 1333 se
312 1276 432 1335 stimulis
452 1277 638 1353 inopinantes
658 1277 818 1336 induebant
838 1285 888 1334 aut
907 1277 938 1334 in
960 1277 1078 1336 scrobes
1100 1276 1184 1333 delati

191 1372 456 1431 transfodiebantur
474 1384 524 1432 aut
537 1393 573 1432 ex
592 1375 666 1433 vallo
681 1383 709 1433 et
728 1375 852 1432 turribus
871 1365 980 1432 traiecti
994 1374 1058 1450 pilis
1072 1373 1186 1431 murali·

191 1471 246 1528 bus
274 1471 435 1529 interibant.
478 1471 577 1530 Multis
605 1473 733 1548 undique
759 1471 923 1529 vulneribus
951 1471 1076 1546 acceptis
1107 1469 1186 1528 nulla

191 1567 352 1626 munitione
372 1579 514 1644 perrupta,
536 1587 603 1628 cum
624 1569 674 1626 lux
695 1577 853 1646 appeteret,
874 1568 962 1639 veriti,
981 1587 1019 1626 ne
1040 1568 1077 1626 ab
1097 1567 1185 1625 latere

193 1676 292 1742 aperto
319 1685 355 1724 ex
384 1669 578 1744 superioribus
605 1668 704 1726 castris
727 1667 877 1743 eruptione
902 1666 1182 1736 circumvenirentur,

140 1780 179 1846 ,15
193 1779 224 1821 se
252 1763 289 1820 ad
317 1781 386 1822 suos
413 1774 589 1842 receperunt.
642 1766 683 1824 At
709 1765 865 1836 interiores,
894 1765 964 1822 dum
992 1782 1036 1830 ea,
1064 1781 1139 1838 quae
1166 1780 1185 1820 a

192 1859 429 1937 Vercingetorige
450 1862 487 1920 ad
512 1864 693 1939 eruptionem
721 1872 889 1939 praeparata
917 1871 1006 1931 erant,
1026 1861 1184 1936 proferunt,

192 1958 310 2035 priores·
324 1958 417 2018 fossas
441 1960 566 2035 explent,
589 1961 696 2018 diutius
718 1961 749 2017 in
773 1958 818 2016 his
842 1960 928 2016 rebus
953 1955 1186 2018 administrandis

193 2057 299 2114 morati:
324 2057 403 2132 prius
432 2075 501 2115 suos
534 2057 701 2116 discessisse
733 2064 940 2131 cognoverunt,
968 2073 1056 2132 quarn
1090 2055 1185 2112 muni-

193 2154 319 2212 tionibus
333 2155 606 2232 appropinquarent.
649 2154 694 2212 Ita
710 2172 740 2212 re
754 2153 859 2212 insecta
876 2155 907 2211 in
928 2154 1070 2230 oppidum
1091 2171 1190 2211 rever--

150 2261 295 2311 aetemnt.

235 2355 287 2408 83.
309 2349 359 2408 Bis
375 2367 484 2425 magno
504 2369 571 2409 cum
590 2350 761 2408 detrimento
782 2349 888 2425 repulsi
906 2347 990 2419 Galli,
1004 2348 1074 2424 quid
1087 2359 1184 2424 agant,

194 2446 364 2518 consulunt3
392 2447 523 2506 locorum
551 2449 659 2522 peritos
687 2447 841 2505 adhibent:
869 2465 905 2504 ex
932 2446 976 2504 his
1005 2447 1185 2521 superiorum

195 2554 354 2602 castrorum
382 2545 451 2603 situs
479 2546 710 2620 munitionesque
738 2553 927 2620 cognoscunt.
979 2543 1048 2601 Erat
1075 2561 1093 2601 a
1120 2562 1186 2619 sep-

194 2641 384 2700 tentrionibus
413 2642 500 2712 collis,
530 2661 617 2718 quem
644 2651 762 2718 propter
795 2640 1024 2716 magnitudinem
1052 2641 1186 2699 circuitus

151 2762 180 2812 ²5
194 2757 283 2814 opere
304 2740 498 2816 circumplecti
520 2757 581 2798 non
601 2749 754 2816 potuerant
774 2741 880 2797 nostri:
908 2739 1070 2798 necessario
1091 2757 1186 2814 paene

194 2839 293 2914 iniquo
316 2839 381 2896 loco
402 2849 431 2896 et
451 2838 552 2920 leniter
574 2839 674 2896 declivi
694 2847 787 2896 castra
807 2837 945 2896 fecerunt.
989 2835 1072 2895 Haec
1094 2835 1188 2895 Gaius

194 2937 336 2994 Antistius
365 2935 495 3012 Reginus
523 2945 551 2993 et
579 2935 670 2994 Gaius
698 2933 837 2994 Caninius
866 2933 984 2992 Rebilus
1008 2935 1095 3009 legati
1118 2953 1188 2992 cum

194 3034 306 3092 duabus
335 3033 496 3109 legionibus
525 3033 701 3091 obtinebant.
744 3031 877 3108 Cognitis
911 3014 963 3109 per
990 3033 1186 3108 exploratores

193 3132 363 3208 regionibus
378 3131 466 3189 duces
480 3130 607 3188 hostium
621 3147 661 3188 nx
680 3130 758 3187 milia
771 3147 808 3187 ex
822 3130 903 3188 omni
922 3147 1043 3188 numero
1058 3129 1187 3206 deligunt

150 3249 181 3298 30
194 3247 293 3288 earum
320 3229 473 3298 civitatum,
499 3245 573 3303 quae
597 3229 755 3284 maximam
778 3227 888 3286 virtutis
909 3228 1077 3303 opinionem
1097 3227 1185 3285 habe·

195 3329 284 3397 bant;
306 3326 378 3400 quid
395 3343 511 3400 quoque
533 3336 619 3400 pacto
639 3325 685 3400 agi
707 3325 826 3402 placeat,
842 3325 952 3384 occulte
972 3325 1044 3384 inter
1063 3344 1095 3384 se
1114 3344 1185 3384 con-

196 3425 333 3491 stituunt;
370 3421 494 3478 adeundi
528 3431 643 3497 tempus
679 3422 826 3492 definiunt,
854 3441 921 3480 cum
954 3423 1087 3482 meridies
1122 3441 1186 3481 esse

195 3519 331 3578 videatur.
374 3517 430 3576 His
459 3519 550 3594 copiis
577 3519 873 3579 Vercassivellaunum
901 3521 1070 3592 Arvernum,
1095 3537 1186 3578 unum
