2652 3928
198 281 259 348 170
521 284 550 332 o.
573 282 667 330 ruurr
688 281 858 330 causeum
1128 287 1186 334 tm.
1248 315 1250 319 .

238 436 292 489 68.
313 430 425 508 Fugato
450 433 531 490 omni
553 433 681 509 equitatu
701 431 921 508 Vercingetorix
947 433 1054 509 copias,
1079 440 1110 490 ut
1131 450 1186 507 pro

197 529 296 586 castris
317 529 514 601 collocaverat,
535 531 649 588 reduxit
668 530 855 606 protinusque
876 529 1012 600 Alesiam,
1034 530 1114 606 quod
1142 540 1186 588 est

196 625 336 699 oppidum
357 625 592 697 Mandubiorum,
613 628 667 685 iter
690 625 784 686 lacere
806 627 903 702 coepit
926 627 1111 702 celeriterque
1130 627 1186 683 im-

195 723 362 797 pedimenta
383 741 420 782 ex
442 725 542 783 castris
563 725 646 782 educi
671 733 700 782 et
724 741 755 782 se
780 723 916 799 subsequi
936 724 1025 782 iussit.
1075 723 1184 781 Caesar

167 819 407 895 5impedimentis
424 822 454 879 in
473 823 637 897 proximum
658 821 762 880 collem
783 820 911 879 deductis
932 821 1045 880 duabus
1065 821 1185 898 legioni-

195 917 249 974 bus
279 919 423 994 praesidio
456 919 559 978 relictis
591 929 714 989 secutus,
742 929 883 994 quantum
910 919 967 978 di'ei
997 927 1112 994 tempus
1140 929 1187 978 est¹

193 1033 321 1090 passum,
335 1016 445 1074 circiter
463 1017 552 1074 tribus
573 1015 686 1074 milibus
700 1016 832 1075 hostium·
844 1035 881 1074 ex
895 1016 1051 1074 novissimo
1066 1018 1183 1092 agmine

194 1112 348 1172 interfectis
376 1113 464 1172 altero
492 1115 538 1173 die
569 1113 607 1172 ad
633 1113 761 1172 Alesiam
788 1123 882 1172 castra
912 1113 987 1172 fecit.
1028 1113 1184 1190 Perspecto

194 1209 271 1268 urbis
291 1211 345 1269 situ
358 1211 569 1287 perterritisque
588 1211 726 1282 hostibus,
741 1210 820 1287 quod
834 1211 971 1287 equitatu,
986 1229 1044 1286 qua
1056 1212 1185 1268 maxime

152 1329 182 1364 10
194 1317 285 1382 parte·
308 1311 449 1368 exercitus
484 1310 676 1381 confidebant,
712 1319 792 1368 erant
826 1309 909 1386 pulsi,
945 1309 1112 1368 adhortatus
1145 1309 1183 1367 ad

194 1405 321 1464 laborem
348 1407 456 1466 milites
480 1408 691 1466 circumvallare
725 1407 853 1466 instituit
918 1411 972 1465 60.
994 1405 1095 1482 Ipsum
1122 1418 1183 1464 erat

194 1503 335 1580 oppidum
357 1505 456 1564 Alesia
478 1505 509 1563 in
531 1506 603 1564 colle
627 1523 741 1565 summo
764 1505 925 1564 admodum
948 1505 1026 1588 edito
1054 1504 1127 1576 loce,
1150 1513 1182 1562 ut

193 1601 248 1658 nisi
269 1602 421 1660 obsidione
443 1603 602 1679 expugnari
626 1621 686 1661 non
706 1621 794 1678 posse
814 1602 971 1674 videretur;
1000 1603 1081 1660 cuius
1101 1601 1182 1660 collis

193 1682 304 1758 radices
330 1700 387 1758 duo
409 1699 521 1759 duabus
543 1718 579 1758 ex
601 1701 732 1776 partibus
748 1701 868 1758 flumina
881 1699 1059 1758 subluebant
1103 1699 1181 1758 Ante

152 1829 180 1878 15
194 1797 223 1854 id
238 1796 378 1872 oppidum
392 1797 530 1874 planicies
542 1798 654 1857 circiter·
665 1798 743 1854 milia
756 1814 896 1872 passuum
910 1797 965 1854 tria
983 1797 1012 1854 in
1026 1797 1181 1872 longitudi-

194 1912 262 1952 nem
282 1896 413 1971 patebat:
438 1896 555 1971 reliquis
574 1913 610 1953 ex
630 1895 768 1952 omnibus
786 1895 913 1970 partibus
934 1893 1022 1952 colles
1042 1894 1181 1953 mediocri

193 1991 342 2050 interiecto
361 1993 454 2068 spatio
473 1993 536 2069 pari
556 1992 711 2050 altitudinis
729 1991 844 2066 fastigio
864 1991 1005 2068 oppidum
1019 1992 1189 2066 cingebant«

195 2089 255 2148 Sub
277 2108 370 2162 mum,
392 2110 467 2167 quae
487 2111 555 2168 pars
576 2091 656 2150 collis
680 2091 718 2150 ad
742 2091 884 2149 orientem
908 2091 1001 2148 solem
1026 2093 1181 2166 spectabat,

193 2188 271 2260 hunc
289 2207 408 2247 omnem
422 2191 519 2248 locum
539 2190 639 2265 copiae
659 2187 810 2246 Gallorum
824 2187 1038 2262 compleverant
1057 2187 1181 2246 fossam-

151 2311 183 2345 ιο
194 2305 250 2362 que
273 2297 301 2346 et
325 2288 479 2345 maceriam
502 2306 553 2346 sex
576 2288 606 2344 in
630 2285 807 2345 altitudinem
831 2285 939 2361 pedum
961 2285 1179 2360 praeduxerant.

193 2385 264 2444 Eius
291 2385 466 2457 munitionis,
488 2403 563 2461 quae
591 2385 628 2442 ab
651 2383 794 2442 Romanis
814 2383 1022 2454 instituebatur,
1047 2384 1181 2442 circuitus

195 2501 226 2541 x1
249 2484 326 2541 milia
352 2501 491 2560 passuum
517 2483 640 2540 tenebat.
682 2480 785 2539 Castra
811 2481 981 2556 opportunis
1005 2480 1076 2539 loeis
1101 2491 1181 2538 erant

144 2602 148 2610 ’
193 2581 289 2656 posita
304 2582 400 2657 ibique
415 2581 530 2640 castella
551 2598 626 2638 xxm
641 2579 731 2650 facta;
753 2579 857 2654 quibus
873 2579 903 2636 in
922 2578 1044 2636 castellis
1058 2579 1181 2636 interdiu

194 2679 331 2738 stationes
358 2681 547 2754 ponebantur,
574 2697 611 2735 ne
638 2695 696 2751 qua
723 2677 817 2736 subito
845 2677 959 2752 eruptio
985 2677 1080 2734 fieret:
1108 2676 1181 2734 haec

151 2807 180 2856 25
194 2776 297 2833 eadem
324 2786 412 2835 noctu
436 2776 649 2834 excubitoribus
670 2792 703 2832 ac
724 2774 812 2833 firmis
833 2774 981 2850 praesidiis
1000 2767 1179 2832 tenebantur,

194 2883 245 2938 ¹10.
269 2873 366 2950 Opere
388 2874 515 2932 instituto
543 2873 575 2931 fit
602 2880 735 2946 equestre
760 2872 903 2947 proelium
930 2871 960 2928 in
988 2888 1023 2928 ea
1049 2871 1181 2946 planicie,

194 2993 282 3051 quam
302 2972 495 3030 intermissam
516 2970 637 3029 collibus
657 2969 710 3026 tn'a
730 2969 810 3026 milia
828 2985 967 3045 passuum
985 2968 1016 3025 in
1034 2967 1181 3044 longitud-

193 3073 271 3130 inem
285 3080 383 3147 patere
397 3087 484 3144 supra
501 3067 768 3127 demonstravimus.
810 3065 930 3125 Summa
950 3066 979 3123 vi
997 3067 1035 3124 ab
1053 3067 1181 3141 utrisque

194 3169 383 3229 contenditur.
425 3167 637 3224 Laborantibus
664 3165 769 3222 nostris
793 3163 900 3223 Caesar
923 3162 1088 3222 Germanos
1116 3163 1181 3221 sub-

149 3298 181 3346 30
193 3268 277 3326 mittit
290 3266 478 3342 legionesque
492 3281 545 3340 pro
565 3263 664 3322 castris
682 3262 837 3332 constituit,
852 3279 889 3318 ne
906 3279 965 3336 qua
979 3262 1073 3319 subito
1090 3261 1181 3334 irrup-

194 3367 234 3425 tio
257 3365 294 3422 ab
321 3363 447 3420 hostium
475 3360 603 3436 peditatu
630 3361 686 3420 fiat.
737 3359 884 3417 Praesidio
907 3359 1055 3434 legionum
1082 3357 1181 3416 addito

193 3462 299 3520 nostris
321 3460 435 3517 animus
456 3466 593 3532 augetur:
622 3458 720 3516 hostes
742 3459 772 3514 in
799 3444 900 3532 fugam
923 3455 1046 3514 coniecti
1070 3473 1102 3514 se
1126 3455 1182 3530 ipsi

194 3556 374 3616 multitudine
401 3554 562 3631 impediunt
594 3565 678 3632 atque
711 3539 924 3631 angustioribus
955 3553 1046 3630 portis
1076 3551 1184 3611 relictis
