2634 3914
177 163 217 227 80
505 185 534 233 c.
555 185 649 232 rurrr
669 184 841 234 euasurus
1121 190 1163 236 rv.

177 330 344 390 conferebat
363 340 392 391 et
416 351 490 410 quae
514 335 681 420 gravissime
702 335 823 395 afflictae
845 343 926 393 erant
946 351 1043 405 naves,
1065 351 1165 392 earum

176 431 295 489 materia
311 441 398 508 atque
417 451 482 491 aere
501 432 539 490 ad
557 434 681 509 reliquas
701 433 871 492 reficiendas
889 434 1022 491 utebatur
1041 442 1070 492 et
1089 450 1165 509 quae

177 529 215 588 ad
241 547 291 588 eas
318 548 364 588 res
392 540 474 588 erant
499 531 563 588 usui
591 549 627 589 ex
654 532 814 590 continenti
842 530 1017 606 comportari
1039 530 1164 588 iubebat.

177 627 287 704 Itaque,
318 647 386 687 cum
420 647 535 688 summo
570 629 665 688 studio
699 648 718 688 a
747 630 883 688 militibus
914 629 1165 698 administraretur,

150 724 334 784 5duodecim
360 727 481 786 navibus
505 727 626 799 amissis,
651 727 767 804 reliquis
795 737 827 786 ut
854 726 982 802 navigari
1009 725 1165 784 commode

178 833 285 899 posset,
306 823 410 882 effecit.
450 831 501 884 82.
524 825 604 884 Dum
624 843 660 884 ea
681 835 826 901 geruntur,
847 825 960 900 legione
981 841 1018 880 ex
1043 841 1166 881 consue·

179 921 277 979 tudine
298 940 357 980 una
377 921 581 980 frumentatum
601 923 699 993 missa,
721 941 795 999 quae
816 921 1013 998 appellabatur
1032 920 1165 995 septima,

178 1039 272 1097 neque
292 1020 351 1078 ulla
370 1020 408 1079 ad
432 1021 461 1079 id
481 1031 595 1096 tempus
619 1021 686 1079 belli
710 1021 875 1098 suspicione
898 1019 1074 1095 interposita,
1098 1035 1166 1076 cum

178 1136 245 1194 pars
271 1117 422 1176 hominum
449 1119 479 1176 in
507 1119 583 1195 agris
610 1128 779 1190 remaneret,
806 1136 873 1196 pars
901 1117 988 1176 etiam
1015 1117 1046 1174 in
1073 1124 1187 1174 castra«

136 1231 167 1266 10
179 1217 335 1286 ventitaret,
358 1217 386 1287 ii,
410 1216 459 1292 qui
487 1235 540 1293 pro
565 1217 656 1293 portis
684 1226 844 1275 castrorum
871 1215 901 1273 iu
928 1215 1050 1273 statione
1075 1221 1165 1283 erant,

179 1314 296 1374 Caesari
315 1315 516 1372 nuntiaverunt
536 1314 683 1390 pulverem
705 1314 854 1385 maiorem,
876 1331 964 1390 quarn
985 1311 1166 1370 consuetudo

180 1412 270 1483 ferret,
284 1413 314 1469 in
332 1431 368 1470 ea
383 1421 463 1488 parte
480 1413 578 1482 videri,
595 1430 684 1488 quam
699 1413 733 1469 in
751 1420 863 1488 partem
882 1410 958 1486 legio
977 1409 1029 1466 iter
1042 1408 1166 1467 fecisset.

179 1509 287 1568 Caesar
313 1510 352 1581 id,
376 1510 550 1585 quoderat,
575 1510 743 1585 suspicatus,
769 1507 877 1584 aliquid
903 1506 971 1565 novi
998 1525 1017 1564 a
1039 1507 1168 1564 barbaris

177 1608 280 1664 initum
301 1607 421 1678 consilii,
441 1607 584 1678 cohortes,
605 1626 679 1683 quae
703 1607 734 1664 in
757 1607 929 1665 stationibus
954 1612 1043 1675 erant,
1066 1621 1169 1676 seeum

137 1717 165 1767 15
178 1706 209 1762 in
236 1723 301 1764 eam
328 1714 439 1781 partem
467 1705 618 1782 proficisci,
647 1723 684 1764 ex
710 1705 827 1781 reliquis
854 1703 927 1762 duas
954 1702 986 1760 in
1013 1701 1169 1760 stationem

179 1801 312 1861 cohortes
331 1803 493 1874 succedere,
507 1803 630 1879 reliquas
650 1803 754 1862 armari
773 1811 801 1861 et
816 1800 970 1860 confestim
989 1817 1053 1858 sese
1068 1800 1169 1858 subse·

179 1901 229 1976 qui
242 1900 331 1959 iussit.
373 1899 449 1958 Cum
466 1900 553 1976 paulo
572 1901 687 1976 longius
707 1919 724 1958 a
743 1899 844 1958 castris
862 1897 1079 1976 processissent,
1098 1913 1169 1956 suos

179 1999 216 2057 ab
235 1997 366 2056 hostibus
386 1998 477 2074 premi
499 2007 585 2074 atque
604 2015 690 2073 aegre
710 1997 851 2056 sustinere
865 2005 894 2056 et
909 1994 1040 2054 conferta
1052 1993 1169 2069 legione

179 2115 215 2155 ex
236 2096 371 2155 omnibus
395 2096 524 2172 partibus
544 2095 601 2154 tela
621 2096 717 2154 conici
737 2093 944 2154 animadvertit
986 2091 1065 2150 Nam
1088 2091 1170 2168 quod

137 2209 167 2245 πο
179 2194 261 2252 omui
282 2211 318 2252 ex
339 2193 453 2269 reliquis
474 2193 602 2268 partibus
624 2192 757 2251 demesso
777 2191 923 2251 frumento
944 2207 1012 2266 pars
1031 2207 1090 2247 una
1108 2199 1171 2248 erat

179 2293 295 2369 reliqua,
311 2291 446 2367 suspicati
465 2291 563 2349 hostes
582 2290 638 2348 huc
657 2300 773 2348 nostros
793 2307 857 2348 esse
876 2297 1012 2347 venturos
1031 2297 1120 2346 noctu
1138 2288 1170 2346 in

180 2391 256 2449 silvis
276 2389 462 2460 delituerant;
484 2397 545 2445 tum
565 2387 711 2462 dispersos
732 2386 870 2462 depositis
884 2387 971 2444 armis
987 2385 1017 2442 in
1031 2385 1169 2444 metendo

180 2496 339 2562 occupatos
364 2486 459 2544 subito
484 2485 577 2544 adorti
600 2485 699 2561 paucis
724 2483 881 2543 interfectis
904 2483 1030 2559 reliquos
1052 2483 1170 2542 incertis

181 2584 330 2644 ordinibus
366 2584 607 2659 perturbaverant,
646 2581 731 2641 simul
748 2627 750 2631 .
768 2583 897 2659 equitatu
936 2591 1022 2658 atque
1059 2581 1170 2639 essedis

138 2699 168 2750 25
181 2679 437 2740 circumdederant.
477 2685 527 2739 33.
550 2679 651 2739 Genus
682 2679 739 2739 hoc
771 2689 814 2739 est
844 2698 881 2739 ex
909 2679 1018 2738 essedis
1043 2697 1169 2755 pugnae.

182 2779 279 2837 Primo
294 2796 345 2854 per
363 2795 467 2836 omues
480 2787 576 2853 partes
591 2779 773 2854 perequitant
792 2787 822 2837 et
840 2777 899 2836 tela
917 2777 1063 2835 coniciunt
1082 2786 1170 2852 atque

181 2877 246 2953 ipso
266 2885 372 2935 terrore
390 2885 532 2951 equorum
548 2883 577 2934 et
594 2875 712 2951 strepitu
726 2884 855 2934 rotarum
869 2875 986 2933 ordines
1000 2874 1170 2952 plerumque

182 2975 357 3051 perturbant,
379 2983 407 3031 et
429 2991 495 3031 cum
516 2991 547 3031 se
571 2973 644 3030 inter
666 2972 796 3048 equiturn
817 2981 925 3031 urrmas
942 2973 1170 3045 insinuaverunt,

183 3089 219 3130 ex
234 3071 342 3130 essedis
360 3070 492 3128 desiliunt
506 3079 535 3128 et
548 3070 671 3146 pedibus
685 3071 869 3147 proeliantur.
909 3070 1035 3146 Aurigae
1054 3071 1171 3130 iuterim

139 3191 171 3242 30
183 3168 319 3244 paulatim
344 3185 379 3226 ex
408 3167 518 3243 proelio
544 3167 687 3226 excedunt
715 3178 800 3244 atque
828 3169 868 3226 ita
894 3186 993 3226 currus
1017 3168 1169 3240 collocant,

184 3274 224 3337 ut,
245 3265 269 3325 si
293 3265 332 3323 illi
355 3283 373 3322 a
392 3265 572 3322 multitudine
597 3265 723 3323 hostium
746 3276 920 3342 premantur,
942 3266 1109 3342 expeditum
1132 3266 1172 3324 ad

184 3379 253 3421 suos
276 3372 425 3438 receptum
449 3361 581 3420 habeant.
622 3363 666 3420 Ita
688 3365 878 3422 mobilitatem
901 3365 1037 3440 equitum,
1062 3363 1172 3422 stabili-

183 3466 272 3517 tatem
290 3459 421 3538 peditum
439 3460 469 3517 in
486 3461 601 3538 proeliis
614 3472 768 3537 praestant,
782 3481 816 3522 ae
830 3469 941 3521 tantum
954 3480 1009 3522 usu
1024 3461 1171 3522 cotidiano
