2634 3914
199 218 257 281 108
525 231 553 278 ο.
577 231 672 278 ruurr
693 229 864 278 cnssnnrs
1155 231 1185 280 u.

195 378 337 454 equitatus
362 377 400 438 ad
421 387 515 438 castra
539 378 650 438 accedit
674 378 873 455 proeliumque
894 395 961 436 cum
981 377 1088 437 nostris
1109 379 1187 454 equi-

195 477 271 535 tibus
303 477 464 536 committit.
508 476 617 536 Caesar
651 478 785 537 consulto
820 477 931 553 equites
962 476 1064 536 cedere
1099 495 1187 553 seque

194 577 225 634 in
247 585 339 634 castra
361 576 487 651 recipere
507 575 603 648 iubet;
630 576 715 634 simul
736 595 772 634 ex
793 576 928 634 omnibus
949 576 1077 651 partibus
1096 585 1188 635 castra

195 674 292 732 altiore
311 673 385 732 vallo
406 673 510 731 muniri
529 682 686 750 portasque
705 673 815 732 obstrui
834 683 919 749 atque
938 674 969 731 in
987 673 1032 732 his
1051 674 1187 732 adminis-

166 774 303 842 5trandis
324 775 409 831 rebus
431 791 519 850 quam
540 775 665 832 maxime
685 774 849 832 concursari
870 782 984 831 etcum
1006 774 1187 832 simulatione

194 871 241 946 agi
261 871 372 928 timoris
390 871 477 930 iubet.
521 877 566 929 51.
589 870 703 942 Quibus
717 872 852 929 omnibus
866 871 952 930 rebus
966 871 1065 930 hostes
1080 871 1187 930 invitati

194 970 294 1045 copias
315 968 466 1027 traducunt
489 969 639 1044 aciemque
663 969 762 1045 iniquo
786 969 854 1027 loco
875 970 1060 1040 constituunt,
1081 970 1187 1029 nostris

194 1083 262 1124 vero
282 1066 367 1124 etiam
388 1066 425 1124 de
444 1067 518 1125 vallo
538 1065 668 1125 deductis
686 1066 807 1142 propius
826 1066 969 1124 accedunt
987 1077 1015 1125 et
1035 1067 1092 1125 tela
1112 1067 1187 1124 intra

194 1164 386 1222 munitionem
405 1183 442 1222 ex
462 1165 599 1223 omnibus
619 1165 748 1240 partibus
767 1163 915 1224 coniciunt
934 1165 1186 1241 praeconibusque

151 1279 181 1315 10
194 1262 396 1320 circummissis
413 1263 592 1337 pronuntiari
606 1262 712 1328 iubent,
728 1280 780 1320 seu
794 1261 858 1337 quis
873 1260 974 1320 Gallus
992 1279 1043 1320 seu
1057 1261 1186 1320 Roman-

193 1379 228 1420 us
252 1361 318 1418 velit
343 1370 410 1418 ante
434 1361 537 1418 horam
564 1361 676 1418 tertiam
701 1360 738 1420 ad
762 1378 793 1418 se
817 1360 946 1431 transire,
972 1360 1034 1418 sine
1058 1359 1186 1436 periculo

192 1459 293 1530 licere3
315 1467 383 1534 post
402 1457 432 1515 id
450 1467 566 1533 tempus
585 1476 646 1516 non
661 1457 722 1516 fore
741 1467 933 1534 potestatem:
955 1475 990 1516 ac
1010 1458 1051 1516 sic
1070 1466 1186 1516 nostros

140 1583 143 1588 ·
193 1564 437 1632 contempserunt,
459 1565 490 1613 ut
511 1556 665 1614 obstructis
688 1556 718 1613 in
740 1557 867 1631 speciem
887 1555 978 1630 portis
999 1555 1119 1631 singulis
1139 1573 1186 1614 or·

194 1655 311 1712 dinibus
336 1653 488 1728 cespitum,
514 1651 594 1729 quod
616 1671 651 1710 ea
674 1670 735 1710 non
762 1670 849 1727 posse
874 1652 1083 1728 introrumpere
1108 1653 1186 1712 vide·

151 1766 179 1816 15
193 1752 307 1823 bantur,
339 1750 385 1807 alii
415 1749 521 1806 vallum
551 1768 640 1808 manu
672 1749 811 1821 scindere,
836 1749 882 1808 alii
914 1749 1008 1810 fossas
1040 1752 1186 1828 complere

193 1848 360 1925 inciperent.
403 1847 482 1905 Turn
511 1847 618 1906 Caesar
645 1848 780 1905 omnibus
812 1847 902 1922 portis
934 1849 1083 1923 eruptione
1111 1848 1187 1908 facta

193 1946 378 2022 equitatuque
403 1945 509 2003 emisso
535 1945 660 2004 celeriter
688 1944 786 2002 hostes
814 1944 844 2002 in
868 1944 969 2020 sugam
997 1947 1053 2018 dat,
1080 1947 1121 2006 sic
1145 1949 1187 2006 uti

192 2043 313 2101 omnino
341 2043 490 2120 pugnandi
518 2061 607 2101 causa
633 2043 777 2101 resisteret
804 2060 902 2113 nemo,
925 2061 1124 2120 magnumque
1149 2064 1188 2103 ex

192 2140 233 2199 eis
248 2158 401 2198 numerum
414 2140 521 2198 occidit
536 2150 622 2217 atque
637 2158 740 2198 omnes
755 2140 841 2198 armis
856 2140 942 2198 exuit.

149 2266 180 2301 ιο
233 2245 284 2297 52.
306 2237 437 2313 Longius
469 2239 607 2314 prosequi
635 2239 748 2308 veritus,
779 2237 860 2314 quod
892 2238 978 2296 silvae
1007 2239 1188 2317 paludesque

192 2335 410 2394 intercedebant
444 2353 539 2410 neque
579 2336 666 2394 etiam
703 2335 822 2411 parvulo
863 2336 1034 2396 detrimento
1072 2339 1189 2398 illorum

192 2436 290 2494 locum
318 2433 440 2509 relinqui
468 2433 591 2505 videbat,
621 2435 757 2492 omnibus
785 2435 844 2492 suis
871 2435 1066 2494 incolumibus
1092 2439 1188 2514 copiis

193 2533 298 2591 eodem
312 2532 359 2590 die
373 2531 411 2589 ad
428 2529 602 2590 Ciceronem
619 2532 755 2608 pervenit.
798 2531 947 2592 Institutas
961 2543 1062 2606 turres,
1075 2537 1189 2596 testud-

193 2630 255 2687 ines
284 2629 519 2704 munitionesque
548 2629 675 2687 hostium
699 2629 871 2702 admiratur;
904 2632 1020 2706 legione
1043 2633 1190 2709 producta

149 2740 178 2791 25
194 2726 345 2802 cognoscit
372 2743 433 2784 non
462 2726 606 2785 decirnmn
634 2745 780 2803 quemque
808 2746 872 2786 esse
896 2730 1039 2805 reliquum
1065 2731 1189 2790 militem

193 2827 255 2883 sine
278 2823 411 2882 vulnere:
436 2842 472 2882 ex
496 2824 541 2883 his
565 2826 700 2882 omnibus
728 2825 834 2884 iudicat
858 2827 953 2898 rebus,
982 2837 1093 2904 quanto
1117 2847 1190 2888 cum

191 2922 319 3000 periculo
354 2931 382 2980 et
413 2931 521 2998 quanta
551 2940 618 2981 curn
650 2923 752 2980 virtute
787 2941 832 2982 res
867 2925 924 2982 sint
954 2925 1189 2987 administratae:

192 3022 365 3081 Ciceronem
390 3039 443 3097 pro
468 3021 530 3078 eius
554 3020 657 3077 merito
681 3020 885 3096 legionemque
910 3022 1071 3095 collaudat;
1102 3035 1189 3083 cent-

191 3121 309 3178 uriones
337 3118 502 3194 singillatim
529 3119 719 3194 tribunosque
747 3119 869 3176 militurn
897 3121 1030 3195 appellat,
1058 3139 1189 3196 quorum

147 3241 178 3290 30
192 3218 338 3294 egregiam
363 3216 452 3274 fuisse
476 3217 608 3274 virtutem
632 3215 797 3274 testimonio
823 3215 971 3276 Ciceronis
998 3231 1187 3294 cognoverat.

191 3316 238 3374 De
267 3334 337 3373 casu
365 3313 465 3372 Sabini
490 3323 518 3372 et
546 3313 649 3372 Cottae
677 3313 781 3372 certius
808 3331 845 3372 ex
874 3315 992 3390 captivis
1021 3317 1188 3390 cognoscit.

192 3415 312 3474 Postero
337 3415 383 3472 die
409 3414 546 3472 contione
568 3412 746 3469 habitarem
771 3420 883 3486 gestam
907 3415 1052 3489 proponit,
1077 3415 1189 3475 milites

193 3511 360 3570 consolatur
374 3519 402 3568 et
420 3511 589 3568 confirmat:
612 3508 691 3586 quod
710 3508 912 3570 detrimentum
932 3511 1016 3590 culpa
1033 3521 1061 3572 et
1078 3523 1188 3574 temer-
