2652 3928
154 201 289 267 19-22·
392 198 438 246 DE
459 198 568 246 BELLO
592 196 741 247 oantrco
764 194 875 245 coMM.
900 195 975 243 VIII.
1078 198 1139 267 193

149 343 306 405 fortissime
343 345 515 422 proeliando
554 345 776 423 compluresque
810 344 987 404 vulnerando
1025 350 1142 419 cogeret

149 443 241 502 elatos
254 445 403 503 iracundia
416 446 539 504 victores
553 445 583 502 in
597 462 629 504 se
644 446 700 504 tela
715 446 859 507 conicere.
893 451 947 503 20.
969 441 1036 500 Tali
1050 440 1140 500 modo

149 558 181 599 re
202 551 285 617 gesta
311 542 475 601 recentibus
499 544 601 620 proelii
622 544 748 620 vestigiis
769 543 915 618 ingressus
937 539 1053 610 Caesar,
1073 555 1141 596 curn

149 640 241 698 victos
268 649 348 698 tanta
372 641 534 701 calamitate
563 644 740 704 existimaret
768 642 866 701 hostes
894 641 996 699 nuntio
1020 646 1141 712 accepto

149 737 248 796 locum
267 747 428 798 castrorum
447 739 606 813 relicturos,
628 760 704 819 quae
725 757 786 799 non
804 739 922 815 longius
939 739 976 797 ab
997 755 1032 796 ea
1052 733 1168 804 caede5

150 835 252 894 abesse
279 853 419 911 passuum
444 846 512 896 octo
539 838 655 898 milibus
680 837 858 907 dicebantur,
885 834 999 894 tametsi
1022 833 1141 890 flumine

148 933 321 1008 impeditum
342 933 495 992 transitum
514 935 638 1008 videbat,
659 945 757 995 tamen
777 933 903 992 exercitu
923 932 1054 990 traducto
1075 947 1141 1005 pro·

149 1030 285 1106 greditur.
325 1030 366 1091 At
380 1030 525 1090 Bellovaci
538 1033 723 1110 reliquaeque
744 1031 872 1092 civitates
886 1040 1004 1106 repente
1022 1047 1059 1087 ex
1073 1028 1142 1104 fuga

149 1128 250 1203 paucis
274 1138 361 1205 atque
381 1129 426 1190 his
447 1129 601 1189 vulneratis
622 1131 756 1207 receptis,
770 1129 820 1206 qui
840 1128 974 1187 silvarum
997 1126 1140 1185 beneficio

149 1244 250 1284 casum
271 1227 454 1299 evitaverunt,
476 1229 612 1288 omnibus
635 1228 771 1298 adversis,
796 1226 928 1302 [cognita
953 1223 1185 1296 calamitate,]10

148 1322 298 1383 interfecto
321 1323 441 1398 Correo,
466 1326 574 1385 amisso
599 1326 727 1402 equitatu
751 1333 780 1384 et
807 1322 968 1382 fortissimis
986 1321 1139 1398 peditibus,

148 1439 216 1479 curn
233 1421 385 1482 adventare
400 1421 554 1483 Romanos
574 1424 779 1494 existimarent,
793 1421 916 1481 concilio
935 1429 1052 1496 repente
1071 1437 1139 1477 can-

147 1528 179 1576 tu
205 1520 338 1579 tubarum
360 1532 520 1581 convocato
552 1522 744 1592 conclamant,
781 1519 867 1596 legati
898 1518 1073 1593 obsidesque
1101 1517 1139 1574 ad

148 1617 303 1677 Caesarem
330 1619 484 1680 mittantur.
528 1627 572 1680 aL
596 1619 665 1680 Hoc
693 1618 829 1678 omnibus
861 1617 985 1694 probato
1018 1615 1138 1676 consilio

148 1716 300 1776 Commius
313 1717 439 1778 Atrebas
454 1719 491 1778 ad
506 1737 557 1779 eos
571 1718 702 1795 confugit
719 1718 891 1789 Germanos,
906 1735 924 1774 a
937 1717 1042 1794 quibus
1057 1715 1094 1774 ad
1108 1715 1137 1773 id
1152 1731 1181 1783 ¹5

146 1815 254 1874 bellum
274 1816 380 1876 auxilia
397 1826 544 1876 mutuatus
566 1825 634 1875 erat.
678 1815 805 1874 Ceterie
823 1815 945 1891 vestigio
966 1815 1081 1873 mittunt
1099 1813 1145 1891 ad¹

147 1911 304 1973 Caesarem
318 1915 429 1991 legatos
447 1923 615 1991 petuntque,
629 1923 661 1972 nt
675 1932 710 1972 ea
724 1931 820 1989 poena
839 1913 875 1972 sit
896 1922 1050 1972 contentus
1068 1914 1137 1974 hos·
1208 1901 1212 1905 ’

145 2012 226 2085 tium,
245 2013 376 2089 quamsi
398 2013 461 2072 sine
483 2012 668 2071 dimicatione
689 2011 794 2070 inferre
814 2011 931 2086 integris
953 2021 1061 2087 posset,
1081 2032 1135 2089 pro

145 2127 199 2169 sua
226 2111 378 2170 clementia
405 2097 492 2187 atque
519 2109 696 2168 humanitate
721 2126 881 2184 numquam
904 2109 1035 2184 profecto
1060 2123 1136 2171 esset

143 2208 282 2268 illaturus.
318 2205 446 2267 Afflictas
459 2225 532 2286 opes
548 2207 673 2284 equestri
694 2207 805 2284 proelio
820 2205 1038 2266 Bellovacomm
1051 2228 1134 2283 esse;
1149 2233 1180 2267 20

145 2305 323 2364 delectomm
337 2305 467 2382 pediturn
485 2305 667 2364 multamilia
685 2304 824 2377 interisse,
843 2304 890 2362 vix
904 2304 1042 2382 refugisse
1062 2327 1134 2367 nun·

144 2403 201 2463 tios
228 2403 333 2462 caedis.
388 2403 505 2462 Tamen
538 2421 687 2480 magnum,
724 2412 756 2462 ut
790 2403 820 2461 in
853 2412 934 2462 tanta
965 2405 1133 2480 calamitate,

144 2500 315 2560 Bellovacos
342 2518 378 2560 eo
406 2501 516 2577 proelio
545 2501 735 2561 commodum
757 2518 821 2559 esse
845 2512 1026 2574 consecutos,
1054 2507 1134 2581 quod

144 2598 279 2671 Correus,
308 2607 408 2658 auctor
431 2599 507 2669 belli,
535 2599 696 2658 concitator
719 2597 916 2670 multitudinis,
944 2611 1021 2660 esset
1047 2603 1133 2661 inter-

142 2696 245 2757 fectus.
287 2695 457 2774 Numquam
485 2696 564 2755 enim
591 2705 724 2755 senatum
751 2697 863 2754 tantum
890 2697 921 2755 in
948 2699 1060 2759 civitate
1084 2702 1132 2760 illo
1147 2721 1175 2770 ²5

142 2797 216 2865 vivo,
258 2804 398 2870 quantum
435 2793 599 2870 imperitam
640 2794 757 2870 plebem
797 2796 934 2870 potuisse.
976 2803 1026 2855 22.
1048 2798 1131 2859 Haec

142 2892 291 2951 orantibus
320 2892 422 2968 legatis
456 2899 667 2951 commemorat
694 2890 818 2950 Cacsar:
853 2891 968 2951 Eodem
1000 2903 1131 2970 ternpore

141 2989 289 3066 superiore
326 3006 405 3048 anno
445 2988 615 3048 Bellovacos
653 2999 819 3065 ceterasque
860 2989 970 3051 Galliae
1005 2993 1130 3053 civitates

140 3087 303 3164 suscepisse
336 3086 462 3146 bellum:
504 3087 730 3164 pertinacissime
764 3087 819 3148 hos
858 3107 894 3146 ex
929 3090 1065 3151 omnibus
1098 3093 1129 3150 in

139 3186 283 3245 sententia
302 3185 498 3261 permansisse
520 3202 615 3261 neque
635 3185 673 3244 ad
690 3186 842 3244 sanitatem
862 3187 1036 3263 reliquorum
1057 3190 1127 3249 ded·
1141 3207 1173 3256 30

137 3283 227 3342 itione
255 3301 319 3343 esse
342 3283 505 3360 perductos.
548 3281 626 3342 Scire
652 3293 739 3359 atque
759 3283 922 3360 intellegere
952 3302 983 3343 se
1010 3303 1127 3347 causam

137 3382 251 3459 peccati
274 3381 406 3441 facillime
429 3381 551 3440 mortuis
575 3380 709 3455 delegari.
749 3380 906 3440 Neminem
927 3400 995 3441 vero
1014 3392 1129 3446 tantum

136 3479 255 3554 pollere,
282 3487 314 3538 ut
340 3478 435 3536 invitis
462 3477 646 3554 principibus,
678 3479 827 3537 resistente
852 3489 961 3551 senatu,
989 3481 1124 3542 omnibus

137 3575 222 3636 bonis
236 3575 462 3652 repugnantibus
476 3575 590 3676 infirma
603 3593 693 3633 manu
705 3575 797 3654 plebis
815 3576 922 3635 bellum
937 3579 1079 3640 concitare
1094 3590 1124 3642 et

624 3687 637 3717 'i
