2652 3928
187 219 248 284 206
395 281 399 284 ,
466 280 469 286 ,
590 232 624 280 A.
647 231 771 278 rrmrrr
973 250 980 293 ;Ι
1046 287 1049 296 ¹
1103 235 1176 279 vrrr.

186 382 218 442 C.
236 381 375 441 Marcello
410 380 585 451 consulibus,
613 379 705 440 nullas
737 379 825 438 habet
849 397 1036 456 'magnopere
1068 377 1181 446 Galliae

158 472 160 480 ’
186 500 231 542 res
245 491 349 556 gestas.
392 478 439 542 Ne
454 481 518 555 quis
537 490 634 541 tamen
654 480 808 554 ignoraret,
822 478 932 554 quibus,
941 479 971 535 in
986 477 1056 536 locis
1071 475 1178 534 Caesar

186 580 384 655 exercitusque
417 597 453 636 eo
469 587 617 652 tempore
649 578 777 647 fuissent,
805 595 899 652 pauca
931 595 993 635 esse
1026 575 1180 634 scribenda

187 677 449 753 coniungendaque
463 675 529 736 huic
544 675 753 737 commentario
769 675 861 732 statui.

159 795 172 844 5
227 782 282 835 49.
305 775 412 834 Caesar
430 775 460 834 in
479 774 580 849 Belgio
602 791 668 830 cum
688 773 834 843 hiemaret,
850 791 940 830 unum
958 772 1028 831 illud
1044 771 1178 848 proposi-

186 884 248 932 tum
268 873 401 943 habebat,
420 872 566 932 continere
586 872 615 928 in
636 871 761 930 amicitia
782 871 918 941 civitates,
936 871 1005 930 nulli
1026 889 1109 946 spem
1130 879 1179 930 aut

188 990 306 1030 causam
330 971 397 1030 dare
420 989 574 1030 annorum.
617 968 696 1032 Nihil
721 969 799 1028 enim
822 969 918 1028 minus
943 969 1066 1039 volebat,
1089 987 1178 1044 quarn

187 1071 241 1128 sub
269 1070 392 1128 decessu
419 1087 473 1128 suo
501 1069 704 1130 necessitatem
733 1067 786 1127 sibi
815 1066 940 1143 aliquam
972 1067 1084 1143 imponi
1112 1068 1178 1126 belli

186 1168 313 1243 gerendi,
329 1187 375 1238 ne,
390 1186 456 1226 cum
471 1167 627 1228 exercitum
648 1167 822 1234 deductums
837 1175 922 1236 esset,
936 1165 1044 1224 bellum
1061 1165 1179 1241 aliquod

145 1283 173 1316 10
186 1265 378 1340 reliqueretur,
393 1264 472 1341 quod
491 1265 587 1325 omnis
606 1264 700 1324 Gallia
717 1265 837 1324 libenter
856 1265 917 1325 sine
938 1263 1083 1340 praesenti
1103 1265 1178 1338 peri-

187 1363 252 1422 culo
287 1365 451 1439 susciperet.
508 1362 609 1437 Itaque
644 1362 802 1422 honorifice
835 1362 963 1420 civitates
996 1361 1178 1436 appellando,

187 1463 332 1538 principes
356 1461 490 1520 maximis
514 1461 649 1535 praemiis
678 1461 838 1530 afficienda
864 1458 942 1518 nulla
969 1475 1058 1516 onera
1085 1459 1179 1516 iniun-

186 1559 284 1635 gendo
312 1558 457 1618 defessam
485 1567 527 1617 tot
554 1558 679 1618 adversis
706 1557 822 1632 proeliis
850 1555 975 1616 Galliam
1005 1555 1180 1614 condicione

186 1657 307 1732 parendi
322 1657 440 1717 meliore
455 1655 537 1714 facile
551 1656 582 1712 in
595 1673 667 1730 pace
682 1655 829 1712 continuit.

144 1771 171 1819 15
229 1760 283 1812 50.
305 1753 373 1828 Ipse
384 1753 510 1812 hibernis
522 1739 648 1828 'peractis
663 1762 762 1810 contra
773 1751 1013 1810 consuetudinem
1025 1751 1054 1808 in
1065 1751 1178 1809 Italiam

187 1869 275 1927 quam
296 1850 429 1908 maximis
448 1849 595 1909 itineribus
612 1859 654 1912 est
673 1848 827 1924 profectus
843 1858 874 1906 ut
888 1848 1044 1922 municipia
1057 1858 1086 1906 et
1099 1849 1178 1906 colo-

186 1949 251 2008 nias
272 1948 438 2024 appellaret,
453 1949 557 2024 quibus
578 1947 621 2006 M.
637 1947 765 2016 Antonii,
780 1945 940 2022 quaestoris
962 1945 1014 2016 sui,
1030 1963 1178 2004 commen-

187 2047 303 2106 daverat
337 2047 489 2106 sacerdotii
520 2045 695 2121 petitionem.
748 2042 951 2103 Contendebat
983 2043 1061 2103 enim
1088 2044 1180 2118 gratia

185 2163 254 2204 curn
276 2145 396 2204 libenter
420 2162 474 2220 pro
496 2143 613 2202 homine
638 2143 691 2202 sibi
716 2141 961 2210 coniunctissimo
979 2159 1067 2216 quem
1090 2141 1179 2216 paulo

139 2261 173 2296 ao
186 2252 253 2300 ante
267 2242 452 2318 praemiserat
466 2241 503 2301 ad
517 2241 694 2316 petitionem,
709 2249 769 2298 tum
784 2239 884 2298 acriter
903 2248 1004 2300 contra
1023 2238 1179 2298 factionem

186 2350 215 2398 et
238 2341 399 2417 potentiam
426 2357 594 2416 paucorum,
620 2337 669 2412 qui
694 2335 736 2394 M.
761 2337 883 2396 Antonii
906 2337 1021 2414 repulsa
1046 2337 1179 2398 Caesaris

186 2437 353 2497 decedentis
377 2435 499 2510 gratiam
522 2434 682 2496 convellere
710 2435 873 2510 cupiebant.
915 2435 1005 2494 Hunc
1020 2437 1072 2496 etsi
1087 2455 1178 2512 augu-

185 2555 247 2594 rem
261 2536 340 2612 prius
353 2534 469 2605 facturn,
485 2551 573 2610 quam
587 2534 698 2592 Italiam
713 2534 873 2608 attingeret,
884 2532 914 2592 in
927 2533 1027 2594 itinere
1041 2534 1178 2603 audierat,

186 2643 285 2691 tamen
305 2651 365 2692 non
385 2633 482 2692 minus
504 2633 608 2695 iustam
622 2632 676 2690 sibi
695 2649 812 2690 causam
826 2631 984 2706 municipia
996 2640 1026 2688 et
1047 2631 1178 2690 colonias

142 2748 172 2797 25
186 2730 311 2789 adeundi
330 2731 510 2804 epistimavit,
532 2740 563 2788 ut
582 2729 616 2787 iis
634 2729 739 2804 gratias
759 2739 865 2804 ageret,
885 2728 965 2804 quod
987 2728 1178 2804 frequentiam

185 2837 272 2903 atque
293 2827 420 2886 officium
442 2845 526 2886 suurn
546 2827 677 2887 Antonio
699 2827 915 2902 praestitissent,
931 2827 1072 2900 simulque
1095 2844 1126 2884 se
1149 2837 1179 2884 et

185 2925 327 2984 honorem
342 2943 425 2984 suum
441 2925 586 3000 sequentis
603 2925 671 2984 anni
690 2923 916 2992 commendaret,
930 2932 1084 2998 propterea
1098 2924 1179 2999 quod

184 3025 341 3082 insolenter
354 3023 507 3082 adversarii
525 3023 569 3082 sui
582 3022 770 3098 gloriarentur
788 3021 821 3078 L.
837 3019 992 3082 Lentulum
1007 3028 1035 3080 et
1051 3019 1083 3080 C.
1098 3020 1179 3080 Mar-

106 3196 107 3200 *
184 3123 288 3181 cellum
308 3124 441 3182 consules
463 3131 582 3194 creatos,
598 3121 647 3196 qui
666 3138 785 3178 omnem
803 3119 945 3176 honorem
964 3127 993 3176 et
1006 3119 1177 3193 dignitatern

140 3232 172 3280 30
186 3220 317 3280 Caesaris
339 3221 502 3296 spoliarent,
523 3228 653 3294 ereptum
676 3216 736 3276 Ser.
759 3215 870 3274 Galbae
895 3215 1086 3286 consulatum,
1107 3234 1176 3274 cum

184 3318 208 3377 is
229 3319 320 3376 multo
341 3317 406 3395 plus
427 3317 517 3392 gratia
538 3315 736 3390 suffragiisque
756 3315 898 3386 valuisset,
918 3315 998 3392 quod
1022 3317 1075 3374 sibi
1103 3333 1176 3376 con·

183 3417 297 3475 iunctus
329 3426 358 3474 et
389 3413 576 3471 familiaritate
608 3421 636 3470 et
668 3414 875 3476 consuetudine
905 3413 1056 3489 legationis
1084 3427 1172 3489 'esset

184 3519 231 3571 51.
252 3512 399 3586 Exceptus
420 3520 463 3567 est
485 3509 615 3568 Caesaris
636 3510 775 3570 adventus
796 3513 833 3570 ab
853 3513 988 3570 omnibus
1009 3513 1175 3589 municipiis

183 3620 211 3672 et
232 3609 353 3667 coloniis
375 3607 532 3664 incredibili
553 3606 663 3665 honore
684 3619 769 3685 atque
791 3627 896 3670 amore.
940 3608 1018 3668 Tum
1046 3611 1173 3686 primurn
