2606 3934
121 217 256 284 24-29.
365 213 411 260 rur
434 211 543 259 narro
566 210 924 266 circumcurrunt
1070 201 1110 286 63

119 361 246 420 hostium
266 361 365 420 castris
386 362 582 432 constiterunt,
605 380 693 438 quarn
713 362 799 438 plane
820 364 857 420 ab
878 363 923 422 his
943 363 1032 421 videri
1053 374 1110 434 aut,

120 460 189 536 quid
208 460 249 518 rei
267 469 422 536 gereretur,
441 460 582 535 cognosci
601 470 709 535 posset.
751 460 831 518 Tum
849 479 918 518 vero
933 461 1060 519 clamore
1075 461 1111 518 ab
1216 527 1218 533 g

121 576 156 616 ea
168 567 248 634 parte
267 557 366 615 audito
385 559 476 615 nostri
497 557 697 633 redintegratis
714 559 830 630 viribus,
849 559 929 634 quod
942 559 1112 635 plerumque

120 657 150 712 in
174 675 226 732 spe
249 657 384 714 victoriae
408 656 537 714 accidere
560 657 717 727 consuevit,
741 657 833 714 acrius
854 657 1023 733 impugnare
1045 675 1112 715 coe·

120 765 232 832 perunt.
284 754 393 812 Hostes
420 754 549 830 undique
577 754 762 812 circumventi
790 754 948 830 desperatis
976 755 1138 820 omnibuss

115 835 206 913 rebus
221 871 252 911 se
266 871 318 928 per
332 852 508 917 munitiones
523 851 635 909 deicere
650 861 678 908 et
691 851 760 926 fuga
771 853 892 910 salutem
906 861 1004 928 petere
1017 853 1112 910 inten-

122 953 232 1010 derunt.
274 949 358 1021 Quos
376 951 519 1026 equitatus
540 949 727 1024 apertissimis
750 951 861 1025 campis
876 938 1059 1008 consectatus
1076 969 1112 1008 ex

121 1049 232 1106 milium
242 1049 269 1108 L
278 1066 410 1118 numero,
422 1065 496 1122 quae
505 1065 541 1105 ex
552 1047 709 1122 Aquitania
720 1045 930 1124 Cantabrisque
942 1049 1113 1106 convenisse

123 1149 281 1220 constabat,
295 1149 342 1204 vix
363 1155 464 1222 quarta
480 1154 561 1222 parte
582 1145 680 1202 relicta
700 1145 790 1200 multa
810 1154 896 1202 nocte
917 1163 949 1203 se
970 1145 1001 1202 in
1021 1156 1114 1203 castra

121 1246 229 1322 recipit.
272 1252 323 1306 27.
345 1243 412 1302 Hac
441 1243 538 1302 audita
564 1261 665 1318 pugna
692 1243 820 1301 maxima
847 1261 914 1318 pars
941 1243 1113 1318 Aquitaniae
1129 1261 1158 1295 ιο

123 1360 186 1402 sese
206 1343 313 1401 Crasso
333 1341 442 1400 dedidit
461 1341 636 1414 obsidesque
654 1340 729 1398 ultro
749 1341 843 1411 misit;
866 1357 924 1416 quo
945 1341 975 1397 in
992 1355 1113 1398 numero

122 1439 237 1498 fuerunt
264 1439 400 1510 Tarbelli,
428 1437 620 1514 Bigerriones,
649 1437 760 1508 Ptianii,
785 1437 920 1507 Vocates,
949 1437 1114 1506 Tarusates

122 1537 264 1609 Elusates
301 1537 400 1618 Gates,
435 1536 586 1606 Garumni,
615 1534 770 1606 Sibuzates,
800 1535 977 1594 Cocosates:
1004 1553 1115 1610 paucae

122 1637 239 1694 ultimae
253 1637 386 1694 nationes
405 1635 474 1692 anni
492 1644 622 1709 tempore
638 1633 773 1705 confisae,
788 1633 867 1709 quod
886 1633 978 1691 hiems
993 1634 1115 1703 suberat,

123 1735 180 1794 hoc
194 1735 289 1793 facere
303 1734 500 1809 neglexerunt.
787 1785 790 1790 ,
1131 1746 1159 1794 15

167 1839 218 1892 28.
241 1832 356 1890 Eodem
376 1831 435 1888 sere
460 1840 591 1907 tempore
612 1829 727 1902 Caesar,
749 1830 802 1888 etsi
822 1849 913 1906 prope
934 1840 1036 1889 exacta
1059 1831 1117 1888 iam

125 1939 218 1990 aestas
237 1939 305 2000 erat,
324 1939 431 2000 tamen,
450 1929 529 2005 quod
548 1929 629 1986 omni
650 1928 743 1987 Gallia
763 1939 867 2004 pacata
886 1929 994 1986 Morini
1014 1928 1118 1986 Mena·

125 2029 222 2104 piique
237 2036 412 2104 supererant,
424 2027 473 2102 qui
487 2027 517 2083 in
528 2027 614 2084 armis
626 2037 723 2084 essent
736 2045 831 2102 neque
846 2027 884 2084 ad
898 2045 965 2084 eum
978 2045 1118 2102 umquam

125 2127 237 2202 legatos
265 2125 302 2182 de
333 2143 406 2200 paee
433 2124 587 2194 misissent,
617 2125 766 2182 arbitratus
798 2125 828 2182 id
858 2123 966 2182 bellum
994 2125 1119 2182 celeriter

127 2222 232 2304 confici
252 2239 340 2298 posse
362 2239 398 2279 eo
420 2221 578 2279 exercitum
599 2221 733 2293 adduxit;
756 2221 805 2296 qui
825 2220 913 2297 longe
935 2221 990 2279 alia
1009 2223 1119 2278 ratione
1132 2237 1163 2270 20

127 2338 162 2378 ae
196 2319 296 2394 reliqui
331 2317 407 2376 Galli
440 2319 548 2376 bellum
582 2336 682 2394 gerere
717 2328 882 2394 coeperunt.
926 2317 1005 2376 Nam
1040 2319 1120 2395 quod

126 2417 332 2492 intellegebant
351 2416 492 2474 maximas
513 2417 653 2486 nationes,
671 2434 745 2492 quae
764 2416 874 2491 proelio
894 2417 1119 2486 contendissent,

126 2515 225 2591 pulsas
250 2523 458 2590 superatasque
482 2531 555 2584 esse,
576 2514 815 2589 continentesque
837 2514 921 2573 silvas
945 2533 979 2572 ac
1000 2515 1120 2591 paludes

126 2613 282 2684 habebant,
308 2629 344 2670 eo
369 2629 401 2670 se
429 2629 538 2687 suaque
566 2612 665 2669 omnia
693 2613 881 2670 contulerunt
925 2612 974 2671 Ad
1001 2631 1122 2689 quarum

128 2711 241 2768 initium
249 2701 398 2768 'silvarum
420 2727 487 2767 cum
508 2708 616 2768 Caesar
636 2711 814 2785 pervenisset
835 2721 984 2787 castraque
1011 2713 1122 2770 munire
1136 2737 1166 2784 25

127 2807 304 2879 instituisset,
330 2825 424 2882 neque
452 2806 543 2864 hostis
571 2807 685 2864 interim
712 2807 789 2865 visus
817 2819 900 2879 esset,
930 2809 1065 2884 dispersis
1093 2810 1123 2866 in

128 2923 218 2982 opere
238 2905 345 2964 nostris
364 2904 458 2962 subito
478 2922 515 2961 ex
534 2905 670 2962 omnibus
688 2905 816 2981 partibus
836 2906 922 2964 silvae
941 2907 1124 2964 evolaverunt

128 3012 159 3062 et
189 3003 219 3061 in
251 3012 368 3062 nostros
400 3003 539 3077 impetum
568 3001 704 3060 fecerunt.
747 3001 848 3061 Nostri
883 3004 1010 3062 celeriter
1045 3023 1125 3062 arma

130 3111 269 3179 ceperunt
290 3119 400 3177 eosque
421 3101 452 3158 in
474 3100 558 3158 silvas
582 3100 748 3175 repulerunt
769 3110 798 3158 et
819 3101 1014 3176 compluribus
1038 3101 1124 3159 inter·

129 3199 212 3258 fectis
239 3199 355 3274 longius
387 3199 615 3274 impeditioribus
643 3198 714 3256 locis
743 3199 833 3256 secuti
864 3217 973 3276 paucos
1001 3218 1038 3258 ex
1066 3202 1124 3260 suis
1138 3221 1169 3270 30

130 3297 361 3372 deperdiderunt.
405 3302 457 3354 29.
480 3295 609 3371 Reliquis
631 3295 768 3371 deinceps
790 3296 891 3354 diebus
913 3295 1021 3355 Caesar
1042 3297 1125 3357 silvas

130 3395 253 3454 caedere
282 3394 410 3464 instituit,
439 3403 467 3452 et
493 3411 531 3451 ne
559 3393 623 3468 quis
651 3393 807 3452 inermibus
838 3394 1130 3474 imprudentibusque,

50 3485 54 3491 ’
131 3493 270 3552 militibus
281 3495 318 3552 ab
331 3492 420 3549 latere
433 3491 558 3567 impetus
569 3491 630 3548 fieri
640 3500 749 3567 posset,
760 3509 881 3550 omnem
891 3510 956 3551 eam
967 3495 1125 3569 materiam,
