2634 3914
182 195 224 263 92
514 195 543 242 c.
566 195 660 242 uun
680 194 853 244 cassatam
1145 197 1177 241 v.

184 347 300 398 nostros
325 341 437 417 equites
464 345 575 418 proelio
602 343 742 402 lacessere
767 351 933 420 coeperunt.
976 343 1034 402 Sed
1058 343 1177 400 meridie

100 436 106 448 ‘
186 454 252 494 cum
277 436 385 496 Caesar
412 441 570 516 pabulandi
594 460 682 500 causa
705 451 763 500 tres
791 442 922 517 legiones
947 451 1033 516 atque
1058 458 1177 498 omnem

185 534 344 608 equitatum
365 555 432 594 cum
454 537 530 596 Gaio
552 538 702 596 Trebonio
723 539 820 614 legato
842 540 975 610 misisset,
997 550 1116 614 repente
1140 555 1180 596 ex

186 635 322 694 omnibus
349 636 477 710 partibus
505 636 543 694 ad
570 637 753 712 pabulatores
784 638 1000 708 advolaverunt,
1029 637 1111 694 sicuti
1139 637 1178 693 ab

158 731 277 806 5signis
291 733 512 810 legionibusque
533 753 594 792 non
615 737 793 793 absisterent.
835 735 936 793 Nostri
957 735 1060 792 acriter
1079 734 1177 792 ineos

186 829 297 906 impetu
319 830 396 889 facto
421 833 607 908 reppulerunt
630 853 726 910 neque
754 835 843 892 finem
870 834 1011 910 sequendi
1038 832 1179 901 fecerunt,

186 928 284 1002 quoad
300 929 428 989 subsidio
440 930 541 989 confisi
556 932 675 1007 equites,
687 951 754 990 cum
769 942 836 1008 post
851 950 882 990 se
896 933 1026 1007 legiones
1040 930 1177 999 viderent,

186 1027 356 1102 praecipites
375 1026 472 1086 hostes
493 1039 621 1102 egerunt,
641 1047 808 1105 magnoque
828 1047 930 1088 eorum
950 1045 1071 1086 numero
1091 1027 1181 1084 inter-

187 1121 264 1182 fecto
284 1143 379 1201 neque
399 1126 442 1184 sui
462 1127 617 1202 colligendi
636 1146 732 1204 neque
746 1127 925 1186 consistendi
944 1136 993 1185 aut
1012 1145 1048 1184 ex
1068 1125 1178 1184 essedis

144 1230 174 1266 10
188 1221 336 1280 desiliendi
356 1222 520 1282 facultatem
541 1225 689 1283 dederunt.
730 1225 776 1283 Ex
794 1225 848 1283 hac
863 1225 931 1300 fuga
947 1225 1087 1301 protinus,
1103 1241 1178 1298 quae

186 1319 314 1396 undique
342 1333 545 1395 convenerant,
573 1324 677 1381 auxilia
704 1323 906 1393 discesserunt,
931 1341 1026 1398 neque
1053 1329 1121 1397 post
1148 1321 1182 1379 id

186 1427 301 1494 tempus
327 1438 467 1496 umquam
494 1423 614 1480 summis
639 1423 792 1480 nobiscum
816 1422 908 1497 copiis
935 1421 1034 1478 hostes
1058 1428 1179 1477 conten-

187 1517 299 1575 derunt.
341 1525 389 1576 18.
411 1518 519 1578 Caesar
553 1521 671 1594 cognito
707 1519 829 1578 consilio
863 1537 964 1578 eorum
998 1517 1035 1576 ad
1069 1517 1180 1574 fiumen

188 1612 339 1674 Tamesim
374 1617 404 1673 in
435 1617 507 1675 fines
539 1616 746 1675 Cassivellauni
776 1618 935 1675 exercitum
966 1616 1063 1688 duxit;
1099 1615 1179 1691 quod

146 1711 297 1770 15flumen
315 1731 375 1772 uno
394 1715 515 1772 omnino
534 1714 600 1772 loco
619 1715 750 1790 pedibus,
770 1724 856 1791 atque
876 1715 932 1774 hoc
952 1729 1049 1790 aegre,
1066 1713 1184 1771 transiri

187 1819 292 1885 potest.
333 1809 379 1870 Eo
411 1830 478 1870 cum
509 1813 642 1886 venisset,
675 1815 804 1871 animum
835 1813 955 1871 advertit
989 1811 1027 1870 ad
1061 1811 1180 1868 alteram

188 1905 314 1966 fluminis
348 1909 441 1984 ripam
472 1928 594 1986 magnas
626 1927 690 1968 esse
725 1910 824 1986 copias
856 1909 984 1967 hostium
1018 1909 1179 1966 instructas·

188 2002 265 2080 Ripa
285 2016 381 2064 autem
402 2017 462 2066 erat
482 2012 573 2068 acutis
595 2009 714 2067 sudibus
738 2008 873 2084 praefixis
894 2007 1013 2076 munita,
1035 2005 1178 2064 eiusdem-

188 2120 245 2178 que
271 2106 386 2178 generis
415 2107 469 2164 sub
496 2125 572 2182 aqua
599 2107 711 2165 defixae
740 2105 826 2164 sudes
854 2104 974 2162 flumine
1001 2104 1180 2178 tegebantur.

144 2219 175 2254 ao
188 2199 245 2259 His
264 2203 350 2260 rebus
370 2205 493 2278 cognitis
512 2223 530 2262 a
549 2206 667 2280 captivis
686 2203 873 2280 perfugisque
893 2201 1002 2261 Caesar
1020 2201 1181 2277 praemisso

188 2299 315 2374 equitatu
326 2301 479 2358 confestim
493 2302 624 2378 legiones
638 2302 773 2376 subsequi
788 2302 877 2359 iussit
921 2300 979 2358 Sed
993 2318 1028 2358 ea
1038 2299 1183 2357 celeritate

189 2405 276 2471 atque
300 2414 336 2454 eo
361 2399 470 2474 impetu
495 2400 600 2458 milites
623 2401 724 2470 ierunt,
746 2417 812 2457 cum
837 2399 931 2474 capite
956 2398 1019 2456 solo
1044 2415 1081 2455 ex
1105 2415 1185 2472 aqua

191 2503 344 2566 exstarent,
375 2505 407 2554 ut
440 2496 539 2556 hostes
573 2498 714 2573 impetum
747 2497 896 2572 legionum
931 2505 1020 2572 atque
1052 2495 1180 2571 equinum

192 2592 332 2650 sustinere
358 2611 420 2652 non
450 2606 571 2671 possent
602 2596 735 2670 ripasque
767 2595 942 2653 dimitterent
973 2611 1008 2652 ac
1035 2611 1066 2652 se
1094 2593 1184 2668 fugae

148 2708 176 2757 ²5
191 2690 370 2748 mandarent.
411 2697 460 2750 19.
483 2691 722 2762 Cassivellaunus,
743 2702 774 2750 ut
799 2710 886 2768 supra
911 2691 1185 2760 demonstravimus.

189 2787 270 2846 omni
291 2788 423 2864 deposita
442 2808 493 2866 spe
513 2791 707 2848 contentionis
730 2790 854 2848 dimissis
875 2789 1061 2864 amplioribus
1080 2787 1185 2862 copiis,

188 2885 303 2944 milibus
323 2887 433 2944 circiter
451 2898 586 2963 quattuor
604 2887 815 2946 essedariorum
834 2887 947 2955 relictis,
962 2887 1063 2944 itinera
1081 2893 1181 2942 nostra

189 2984 319 3042 servabat
345 2985 520 3060 paulumque
548 3003 585 3044 ex
615 2985 661 3042 via
688 2984 847 3042 excedebat
873 2983 1002 3058 locisque
1034 2982 1184 3058 impeditis

188 3099 224 3139 ac
244 3082 419 3141 silvestribus
440 3101 504 3141 sese
525 3083 688 3141 occultabat
709 3092 795 3158 atque
818 3082 853 3139 iis
876 3081 1052 3155 regionibus
1074 3079 1186 3156 quibus·

146 3197 245 3248 30nos
275 3182 327 3236 iter
354 3180 480 3238 facturos
509 3189 694 3254 cognoverat,
722 3195 829 3254 pecora
860 3187 947 3253 atque
977 3177 1113 3236 homines
1144 3196 1182 3236 ex

188 3277 264 3352 agris
283 3278 314 3334 in
333 3277 417 3334 silvas
435 3277 628 3352 compellebat
646 3285 683 3345 et,
701 3294 769 3334 cum
788 3276 930 3352 equitatus
948 3287 1046 3334 noster
1063 3276 1183 3336 liberius

188 3375 348 3452 praedandi
375 3376 564 3452 vastandique
595 3393 684 3433 causa
711 3392 743 3432 se
766 3376 796 3432 in
821 3392 907 3450 agros
931 3375 1060 3443 eiecerat,
1085 3377 1183 3434 omni·

189 3474 245 3532 bus
267 3473 318 3530 viis
340 3472 503 3550 semitisque
525 3473 685 3533 essedarios
706 3491 742 3530 ex
763 3471 838 3532 silvis
857 3473 1003 3532 emittebat
1022 3482 1051 3532 et
1069 3492 1182 3552 magno
