2606 3934
205 199 246 266 32
439 195 485 243 DE
506 195 616 244 BELLO
638 195 788 246 GALLIOO
811 197 919 245 OOMM·
943 195 966 246 I.

204 361 305 405 nactus
319 365 355 405 ea
368 345 513 422 profugit3
533 347 659 422 reliquos
673 365 775 406 omnes
789 349 917 424 equitatu
937 345 1085 406 consecuti
1100 346 1191 404 nostri

204 444 414 503 interfecerunt.
455 445 539 504 Duae
563 445 678 503 suerunt
704 446 839 504 Ariovisti
866 464 980 517 uxores,
1007 465 1066 504 una
1094 447 1191 504 Sueba

204 543 329 613 natione,
354 561 442 620 quam
464 543 554 602 domo
579 561 678 602 secum
706 543 835 614 duxerat,
860 545 949 602 altera
973 541 1089 614 Norica,
1114 544 1190 618 regis

203 639 362 700 Voccionis
383 659 474 711 soror,
490 659 577 718 quam
597 641 627 697 in
649 639 742 699 Gallia
763 641 891 712 duxerat,
912 661 929 699 a
949 641 1033 700 fratre
1055 642 1190 699 missam:

176 741 340 815 tutraeque
354 740 385 797 in
405 758 440 798 ea
454 739 523 814 iuga
541 739 694 814 perierunt.
736 737 865 797 Fuerunt
884 740 958 798 duae
976 739 1067 798 filiae:
1088 739 1191 797 harum

204 837 292 895 altera
318 838 423 906 occisa,
445 837 533 894 altera
560 851 644 911 capta
672 845 722 894 est.
765 834 856 895 Gaius
883 837 1014 895 Valerius
1042 835 1190 905 Procillus

204 951 271 991 curn
285 952 303 991 a
316 934 482 1002 custodibus
497 935 527 990 in
541 933 610 1009 fuga
623 933 703 992 trinis
723 934 831 991 catenis
850 934 960 992 vinctus
981 934 1145 1003 traheretur,
1159 934 1191 990 in

204 1032 300 1108 ipsum
314 1031 468 1091 Caesarem
482 1031 571 1089 hostis
585 1032 712 1106 equitatu
727 1041 946 1106 persequentem
956 1031 1063 1090 incidit.
1105 1028 1192 1101 Quae

204 1129 320 1204 quidem
355 1147 401 1188 res
435 1128 552 1188 Caesari
586 1145 647 1186 non
680 1129 824 1186 minorem
858 1147 944 1205 quam
980 1129 1043 1204 ipsa
1073 1127 1193 1186 victoria

162 1247 191 1280 10
203 1227 380 1303 voluptatem
394 1226 493 1298 attulit,
508 1225 588 1302 quod
608 1225 758 1283 hominem
777 1225 1012 1284 honestissimum
1026 1225 1192 1302 provinciae

204 1323 321 1395 Galliae,
337 1343 420 1384 suum
444 1325 612 1382 familiarem
636 1332 665 1380 et
688 1323 840 1399 hospitem,
862 1335 992 1400 ereptum
1016 1342 1032 1382 e
1056 1323 1191 1381 manibus

203 1423 328 1481 hostiurn
350 1423 404 1481 sibi
424 1423 586 1481 restitutum
610 1421 732 1490 videbat,
753 1439 848 1498 neque
876 1423 937 1480 eius
964 1422 1123 1480 calamitate
1152 1421 1191 1478 de

203 1529 283 1578 tanta
295 1521 440 1596 voluptate
454 1529 483 1578 et
496 1519 686 1595 gratulatione
700 1519 854 1595 quicquam
869 1518 983 1577 fortuna
1002 1520 1190 1577 deminuerat.

204 1617 234 1676 Is
253 1635 284 1675 se
305 1628 456 1693 praesente
478 1617 514 1675 de
534 1634 565 1674 se
585 1625 628 1674 ter
642 1617 767 1675 sortibus
782 1617 945 1674 consultum
959 1617 1080 1685 dicebat,
1093 1626 1191 1673 utrum

163 1732 191 1782 15
205 1715 265 1789 igni
292 1714 387 1772 statim
413 1724 571 1778 necaretur,
599 1731 637 1770 an
664 1714 694 1770 in
721 1714 798 1772 aliud
832 1723 948 1790 tempus
979 1722 1189 1772 reservaretur:

205 1812 324 1869 sortium
343 1811 485 1870 beneficio
506 1829 537 1869 se
558 1828 622 1868 esse
641 1811 823 1868 incolumem.
866 1811 940 1869 Item
961 1810 1003 1869 M.
1019 1810 1124 1868 Metius
1144 1829 1191 1868 re·

204 1919 301 1984 pertus
329 1919 357 1967 et
384 1909 422 1967 ad
449 1927 516 1967 eum
543 1909 677 1967 reductus
704 1919 773 1966 est.¹
798 1915 849 1968 54.
877 1909 946 1968 Hoc
974 1910 1083 1985 proelio
1110 1919 1191 1968 trans

204 2007 339 2064 Rhenum
367 2007 498 2065 nuntiato
532 2005 627 2076 Suebi,
655 2005 704 2082 qui
736 2005 773 2064 ad
807 2008 884 2082 ripas
913 2006 1008 2064 Rheni
1041 2017 1189 2075 venerant,

203 2106 322 2164 domum
337 2105 437 2162 reverti
457 2114 631 2180 coeperunt;
654 2121 728 2180 quos
743 2104 819 2174 Ubii,
835 2105 884 2181 qui
905 2106 1028 2180 proximi
1050 2105 1191 2166 Rhenum

160 2223 189 2256 πο
202 2202 339 2272 incolunt,
372 2203 536 2278 perterritos
570 2202 692 2260 insecuti
725 2220 865 2278 magnum
899 2219 936 2259 ex
967 2203 1001 2260 iis
1035 2221 1191 2262 numerum

202 2300 377 2359 occiderunt.
434 2298 542 2358 Caesar
568 2318 628 2357 una
655 2309 762 2356 aestate
793 2299 908 2357 duobus
940 2301 1072 2358 maximis
1106 2301 1192 2360 bellis

203 2397 342 2456 confectis
361 2398 498 2456 maturius
518 2397 614 2473 paulo,
635 2415 723 2474 quam
744 2407 857 2472 tempus
878 2398 946 2454 anni
967 2398 1137 2473 postulabat,
1155 2399 1192 2458 in

202 2495 322 2552 hiberna
341 2494 372 2551 in
392 2492 544 2570 Sequanos
558 2497 714 2552 exercitum
729 2494 862 2565 deduxit3
884 2494 1009 2554 hibernis
1024 2494 1192 2556 Labienum

202 2592 386 2669 praeposuit;
407 2591 470 2667 ipse
484 2593 514 2649 in
528 2592 687 2650 citeriorem
702 2590 824 2650 Galliam
836 2592 873 2650 ad
884 2603 1043 2652 conventus
1054 2595 1192 2672 agendos

160 2717 189 2766 ²5
201 2688 347 2767 profectus
361 2697 414 2748 est.
1177 2727 1208 2742 κ
