2634 3914
184 145 223 218 82
400 169 446 218 oa
466 169 577 219 aaran
600 169 750 219 cnrrrco
772 165 883 218 oonrr.
907 169 960 218 rr.

182 318 317 378 idoneam
341 329 543 398 tempestatem
564 330 686 380 nanctus
707 320 794 398 paulo
819 329 887 396 post
907 318 1034 378 mediam
1059 325 1176 376 noctem

182 436 269 477 naves
294 418 377 477 solvit
384 438 392 491 ;
422 438 496 495 quae
521 438 625 479 omnes
649 418 808 477 incolumes
833 417 870 475 ad
891 418 1089 477 continentem
1111 434 1176 492 per·

181 526 336 587 venerunt;
365 517 418 575 sed
438 535 475 575 ex
495 517 530 576 iis
550 517 697 576 onerariae
719 516 793 574 duae
815 516 944 586 eosdem,
967 533 1042 592 quos
1063 513 1174 590 reliqui,

182 623 283 690 portus
297 632 401 690 capere
415 632 476 673 non
490 624 646 691 potuerunt
659 624 688 672 et
701 615 788 690 paulo
803 613 877 672 infra
891 613 1002 672 delatae
1016 622 1093 672 sunt.

154 729 168 779 5
223 717 272 773 3¹7.
294 710 409 782 Quibus
444 731 481 770 ex
515 713 635 770 navibus
671 729 737 770 cum
772 721 869 771 essent
907 711 1052 788 expositi.
1070 709 1176 768 milites

184 809 295 868 circiter
315 811 435 868 trecenti
456 819 542 886 atque
562 811 593 868 in
614 819 707 868 castra
727 810 942 880 contenderent,
963 808 1080 880 Morini,
1102 825 1177 884 quos

183 905 292 966 Caesar
319 907 349 966 in
373 907 552 966 Britanniam
576 907 763 983 proficiscens
791 917 911 983 pacatos
940 907 1100 982 reliquerat,
1125 923 1177 981 spe

183 1005 309 1080 praedae
337 1005 453 1064 adducti
485 1007 580 1083 primo
607 1023 669 1064 non
699 1005 739 1063 ita
765 1023 875 1081 magno
907 1022 1027 1064 suorum
1054 1019 1176 1061 numero

184 1100 432 1159 circumsteterunt
456 1119 499 1172 ac,
524 1103 549 1160 si
577 1119 642 1160 sese
669 1101 790 1160 interfici
818 1101 938 1172 nollent,
962 1119 1043 1160 arma
1066 1117 1177 1176 ponere

141 1221 171 1257 ιο
184 1198 333 1256 iusserunt.
376 1198 452 1257 Cum
480 1199 519 1257 illi
543 1200 613 1258 orbe
637 1199 715 1258 facto
739 1218 803 1258 sese
828 1199 1024 1270 defenderent,
1050 1197 1178 1256 celeriter

183 1295 221 1354 ad
254 1295 412 1354 clamorem
442 1296 595 1355 hominum
630 1297 739 1355 circiter
769 1297 849 1355 milia
883 1315 935 1356 sex
970 1304 1175 1356 convenerunt.

184 1392 252 1464 Qua
275 1413 306 1452 re
327 1395 458 1452 nuntiata
479 1394 587 1452 Caesar
611 1413 730 1453 omnem
751 1414 788 1453 ex
813 1396 912 1454 castris
933 1395 1093 1470 equitatum
1117 1392 1177 1452 suis

183 1490 290 1549 auxilio
325 1491 412 1549 misit.
455 1490 574 1550 Interim
608 1493 700 1550 nostri
734 1493 839 1550 milites
873 1493 1020 1568 impetum
1048 1491 1178 1549 hostium

184 1588 382 1646 sustinuerunt
406 1598 493 1665 atque
517 1589 640 1665 amplius
664 1589 743 1648 horis
768 1599 902 1666 quattuor
926 1589 1081 1649 fortissime
1102 1605 1178 1664 pug-

141 1707 169 1758 15
184 1694 325 1743 naverunt
362 1694 391 1744 et
430 1687 530 1762 paucis
572 1687 735 1746 vulneribus
774 1688 900 1764 acceptis
939 1687 1102 1763 complures
1140 1703 1178 1743 ex

184 1783 229 1842 his
264 1783 438 1842 occiderunt.
481 1784 587 1844 Postea
616 1803 684 1844 vero
719 1804 808 1863 quam
842 1786 984 1861 equitatus
1018 1793 1117 1843 noster
1147 1785 1178 1841 in

186 1891 374 1956 conspectum
405 1883 489 1954 venit,
522 1883 621 1942 hostes
653 1883 771 1942 abiectis
803 1884 890 1942 armis
921 1892 1003 1958 terga
1033 1891 1179 1941 verterunt

184 1996 366 2054 magnusque
375 1997 476 2038 eorum
489 1999 627 2040 numerus
641 1990 685 2039 est
699 1982 822 2039 occisus.
865 1986 917 2040 38.
940 1979 1049 2038 Caesar
1059 1987 1178 2055 postero

185 2077 232 2134 die
263 2075 300 2134 T.
322 2075 484 2135 Labienum
514 2079 643 2154 legatum
674 2095 741 2136 cum
771 2079 806 2137 iis
837 2078 1010 2154 legionibus,
1041 2095 1114 2152 quas
1142 2096 1178 2135 ex

142 2195 172 2230 πο
185 2174 334 2232 Britannia
357 2173 518 2246 reduxerat,
540 2177 570 2233 in
595 2175 737 2247 Morinos,
758 2176 808 2251 qui
832 2175 1020 2234 rebellionem
1041 2175 1178 2245 fecerant,

185 2272 270 2330 misit.
314 2271 373 2343 Qui
401 2291 468 2330 cum
495 2283 614 2349 propter
642 2273 783 2332 siccitates
811 2273 958 2349 paludum,
986 2291 1046 2349 quo
1075 2291 1107 2332 se
1134 2292 1179 2331 re-

187 2371 322 2446 ciperent,
340 2387 401 2428 non
417 2369 564 2440 haberent,
580 2388 639 2446 quo
657 2371 804 2446 superiore
821 2387 899 2428 anno
916 2369 1049 2446 perfugio
1066 2369 1182 2428 fuerant

186 2469 240 2538 usi,
268 2485 372 2526 omnes
400 2467 460 2526 fere
488 2469 519 2525 in
546 2477 721 2544 potestatem
747 2466 870 2526 Labieni
897 2476 1098 2544 pervenerunt.
1140 2467 1182 2526 At

188 2564 226 2637 Q.
248 2565 376 2624 Titurius
399 2574 428 2622 et
455 2563 489 2623 L.
511 2564 598 2623 Cotta
624 2565 719 2640 legati,
744 2565 793 2640 qui
817 2566 848 2623 in
876 2564 1083 2642 Menapiorum
1106 2566 1182 2624 fines

79 2645 81 2652 Ι
143 2685 174 2736 25
187 2663 319 2739 legiones
340 2663 488 2733 duxerant,
508 2664 643 2721 omnibus
665 2681 767 2720 eorum
787 2663 863 2739 agris
883 2664 1009 2735 vastatis,
1031 2663 1183 2722 frumentis

189 2761 317 2830 succisis,
346 2761 482 2819 aedificiis
513 2761 646 2831 incensis,
679 2760 760 2836 quod
791 2760 922 2836 Menapii
953 2779 985 2819 se
1014 2779 1118 2820 omnes
1150 2761 1184 2818 in

161 2847 163 2852 ⁵
189 2859 375 2919 densissimas
400 2859 484 2917 silvas
508 2859 686 2928 abdiderant,
709 2876 740 2916 se
761 2858 799 2916 ad
821 2857 977 2917 Caesarem
1000 2851 1184 2934 receperunt.

189 2958 297 3018 Caesar
315 2958 346 3016 in
364 2955 461 3032 Belgis
480 2957 613 3014 omnium
632 2955 781 3030 legionum
799 2955 922 3015 hiberna
938 2957 1093 3016 constituit.
1134 2957 1185 3016 Eo

189 3057 264 3115 duae
275 3056 395 3114 omnino
410 3055 536 3113 civitates
550 3072 586 3110 ex
597 3053 745 3111 Britannia
755 3054 872 3112 obsides
882 3055 1038 3128 miserunt;
1054 3055 1186 3132 reliquae

144 3180 178 3230 30
191 3153 386 3230 neglexerunt.
428 3151 485 3211 His
509 3153 594 3209 rebus
618 3151 707 3226 gestis
727 3170 768 3209 ex
792 3152 891 3212 litteris
913 3151 1045 3212 Caesaris
1070 3152 1186 3213 dierum

190 3251 290 3327 viginti
304 3249 474 3328 supplicatio
489 3266 507 3308 a
520 3257 621 3308 senatu
635 3248 750 3307 decreta
763 3258 816 3308 est
