2634 3914
150 245 289 313 39—43.
378 241 424 290 DE
446 241 556 289 BELLO
579 239 728 289 Gannico
751 238 860 290 coMM.
888 240 918 289 V.
1084 246 1143 314 103

150 409 188 448 ne
209 401 384 450 nocturnum
406 391 523 469 quidem
540 391 598 450 sibi
617 397 732 466 tempus
753 389 791 449 ad
804 389 937 466 quietem
952 389 1144 468 relinquebat,

149 499 182 548 ut
200 491 275 548 ultro
292 490 414 547 militum
432 508 576 548 concursu
595 507 629 548 ac
647 490 766 547 vocibus
782 489 835 546 sibi
850 507 968 565 parcere
983 499 1144 564 cogeretur.

150 593 196 646 41.
220 587 306 646 Tunc
327 587 417 646 duces
441 587 644 663 principesque
666 585 847 658 Nerviorum,
869 587 918 662 qui
939 586 1064 663 aliquem
1085 581 1144 644 ser·

150 685 246 744 monis
263 685 373 744 aditum
392 702 568 759 causamque
587 683 730 740 amicitiae
742 701 811 741 cum
827 682 967 742 Cicerone
988 684 1142 755 habebant,

151 783 277 859 colloqui
304 800 368 840 sese
395 781 466 840 velle
495 781 602 840 dicunt.
643 779 733 838 Facta
759 789 902 856 potestate
930 782 1041 853 eadem,
1068 787 1171 857 quae5

150 880 302 938 Ambiorix
323 897 390 938 cum
411 879 525 937 Titurio
544 887 650 954 egerat,
665 888 918 936 commemorant:
940 896 1059 936 omnem
1079 897 1143 938 esse

150 977 180 1034 in
202 977 288 1035 armis
309 975 450 1049 Galliam3
479 975 643 1035 Germanos
668 975 806 1033 Rhenum
826 976 981 1049 transisse;
1012 976 1144 1036 Caesaris

150 1075 383 1151 reliquorumque
400 1074 520 1132 hiberna
533 1071 704 1149 oppugnari.
745 1071 868 1131 Addunt
885 1074 972 1132 etiam
990 1074 1027 1133 de
1046 1075 1144 1134 Sabini

150 1183 261 1230 morte:
281 1171 481 1246 Ambiorigem
495 1180 642 1229 ostentant
653 1169 723 1228 ¹iidei
734 1169 889 1230 faciundae
904 1189 999 1230 causa.
1041 1172 1144 1232 Errare
1196 1168 1199 1172 ’

150 1287 203 1327 eos
225 1269 332 1340 dicunt,
354 1269 378 1328 si
399 1269 553 1344 quicquam
575 1269 612 1326 ab
632 1268 678 1326 his
700 1268 838 1344 praesidii
863 1278 988 1345 sperent,
1006 1272 1060 1346 qui
1085 1272 1144 1330 suis
1160 1289 1189 1324 ro

150 1368 237 1426 rebus
258 1367 405 1438 diffidant;
430 1383 494 1424 sese
515 1375 612 1424 tamen
632 1365 690 1425 hoc
711 1382 774 1423 esse
795 1365 825 1422 in
847 1364 1019 1426 Ciceronem
1040 1369 1145 1444 popul-

117 1523 119 1532 ,
150 1483 258 1542 umque
286 1465 455 1524 Romanum
482 1464 588 1535 anime,
616 1472 648 1522 ut
674 1463 745 1522 nihil
772 1463 827 1522 nisi
858 1463 978 1524 hiberna
1012 1476 1145 1526 recusent

151 1575 237 1641 atque
256 1563 333 1622 hanc
354 1564 562 1621 inveterascere
584 1563 826 1622 consuetudinem
845 1563 957 1622 nolint:
984 1564 1070 1624 licere
1090 1565 1144 1623 illis

150 1662 344 1722 incolumibus
367 1678 420 1736 per
444 1677 475 1718 se
499 1678 535 1718 ex
559 1658 687 1718 hibernis
712 1660 857 1719 discedere
882 1669 919 1731 et,
945 1651 1145 1738 quascumque

149 1760 180 1818 in
194 1769 289 1836 partes
303 1759 398 1828 velint,
413 1758 475 1816 sine
492 1765 572 1816 metu
588 1757 740 1832 proficisci.
783 1757 886 1816 Cicero
906 1760 943 1818 ad
962 1759 1035 1819 haec
1053 1778 1143 1818 unum
1160 1781 1188 1830 15

150 1858 241 1916 modo
262 1856 427 1934 respondit:
455 1873 517 1913 non
539 1873 604 1914 esse
625 1857 868 1914 consuetudinem
892 1858 993 1932 populi
1018 1857 1145 1917 Romani

150 1957 281 2032 accipere
295 1957 332 2013 ab
345 1955 429 2012 hoste
443 1963 555 2012 armato
566 1953 785 2012 condicionem:
806 1954 830 2012 si
844 1956 881 2012 ab
895 1957 981 2014 armis
992 1955 1144 2014 discedere

149 2053 244 2124 velint,
265 2071 296 2111 se
314 2052 444 2110 adiutore
463 2059 579 2109 utantur
598 2050 766 2127 legatosque
786 2052 824 2110 ad
841 2051 996 2112 Caesarem
1012 2053 1143 2125 mittant.;
1170 2040 1171 2044 ¹

150 2169 266 2228 sperare
280 2168 333 2227 pro
348 2151 409 2224 eius
424 2149 538 2220 iustitia,
550 2165 625 2224 quae
634 2150 776 2225 petierint,
787 2150 999 2225 impetraturos.
1027 2158 1079 2210 42.
1095 2151 1143 2208 Ab

148 2249 204 2309 hac
226 2268 277 2326 spe
298 2249 404 2324 repulsi
424 2247 523 2305 Nervii
544 2247 618 2306 vallo
639 2247 747 2324 pedum
769 2265 802 2305 rx
823 2257 851 2306 et
872 2247 952 2307 fossa
972 2248 1081 2324 pedum
1102 2265 1144 2306 xv
1158 2267 1188 2316 ²9

149 2347 269 2406 hiberna
298 2347 426 2422 cingunt.
468 2344 553 2404 Haec
581 2354 610 2403 et
638 2345 819 2420 superiorum
846 2364 991 2405 annorum
1019 2366 1142 2406 eonsue-

150 2445 248 2504 tudine
268 2444 305 2502 ab
326 2443 412 2501 nobis
431 2451 629 2518 cognoverant
648 2452 686 2514 et,
705 2461 779 2519 quos
796 2443 833 2502 de
852 2445 979 2502 exercitu
999 2445 1144 2504 habebant

149 2543 287 2618 captivos,
305 2542 342 2600 ab
361 2541 394 2600 iis
414 2541 609 2612 docebantur;
631 2541 684 2599 sed
700 2541 777 2599 nulla
794 2541 1032 2602 ferramentorum
1049 2545 1142 2620 copia,

149 2657 224 2715 quae
246 2647 323 2696 esset
344 2638 381 2696 ad
405 2637 483 2696 hunc
502 2655 590 2696 -usum
612 2638 730 2710 idonea,
751 2639 854 2715 gladiis
876 2641 998 2718 cespites
1020 2642 1143 2708 circum7

149 2736 253 2807 cidere,
284 2737 418 2794 manibus
450 2736 615 2812 sagulisque
646 2745 752 2794 terram
787 2737 936 2796 exhaurire
970 2739 1141 2799 nitebantur.
1157 2761 1185 2812 ²5

149 2833 217 2906 Qua
245 2835 363 2910 quidem
388 2853 424 2892 ex
449 2852 480 2892 re
506 2833 660 2890 hominum
684 2834 838 2892 multitudo
863 2837 1003 2909 cognosci
1031 2839 1141 2912 potuit:

147 2950 217 2990 nam
244 2933 340 2990 minus
366 2931 445 2989 horis
474 2931 563 2989 tribus
590 2931 701 2988 milium
728 2949 868 3006 passuum
896 2947 939 2989 xv
965 2933 995 2989 in
1023 2934 1142 2993 circuitu

147 3030 338 3088 munitionem
358 3027 547 3104 perfecerunt,
562 3028 736 3103 reliquisque
755 3028 856 3086 diebus
871 3037 962 3086 turres
976 3029 1013 3086 ad
1027 3031 1141 3090 altitud-

147 3129 226 3185 inem
240 3127 313 3198 valli,
328 3125 415 3184 falces
434 3125 658 3200 testudinesque,
673 3142 745 3200 quas
759 3125 837 3184 idem
852 3127 955 3202 captivi
973 3127 1139 3199 docuerant,

147 3243 248 3300 parare
280 3243 314 3282 ac
342 3224 436 3282 facere
464 3233 635 3298 coeperunt.
678 3229 729 3282 43.
752 3223 881 3298 Septimo
914 3226 1140 3301 oppugnationis
1154 3249 1185 3296 30

148 3323 194 3381 die
215 3322 343 3380 maximo
363 3330 465 3379 coorto
479 3329 565 3378 vento
586 3320 728 3378 ferventes
749 3319 823 3377 fusili
842 3339 878 3378 ex
898 3323 998 3396 argilla
1018 3323 1139 3397 glandes

147 3420 244 3478 fundis
276 3428 304 3476 et
331 3417 482 3476 fervefacta
513 3417 608 3474 iacula
638 3417 668 3474 in
697 3435 787 3488 casas,
816 3435 890 3493 quae
920 3437 1002 3478 more
1027 3420 1139 3480 Gallico

147 3515 311 3576 stramentis
342 3524 423 3575 erant
450 3523 551 3586 tectae,
578 3515 671 3574 iacere
700 3525 868 3590 coeperunt.
910 3515 978 3576 Hae
1009 3519 1140 3593 celeriter
1235 3595 1238 3602 .
1301 3571 1302 3582 ,
