2606 3934
134 215 265 284 17-19.
375 211 421 261 DE
441 213 550 260 BELLO
574 211 725 260 cataldo
746 211 856 261 coMM.
880 213 905 261 Ι.
1074 216 1109 264 11

133 379 162 422 se
188 361 301 432 habere,
325 377 420 438 neque
447 361 541 422 solum
567 361 655 432 domi,
683 360 736 420 sed
762 362 848 420 etiam
876 359 954 437 apud
980 359 1114 420 finitimas

133 458 255 516 civitates
269 458 384 534 largiter
404 477 500 534 posse,
516 467 602 534 atque
620 458 704 517 huius
724 459 870 533 potentiae
889 476 976 521 causa
994 467 1115 517 matrem

133 555 161 616 in
194 553 369 631 Biturigibus
402 555 513 616 homini
546 556 602 614 illic
636 556 815 615 nobilissimo
849 573 884 614 ac
913 555 1115 632 potentissimo

133 653 297 725 collocasse,
324 655 420 730 ipsum
448 671 484 712 ex
512 653 652 713 Helvetiis
684 672 806 714 uxorem
842 653 957 724 habere,
986 670 1117 714 sororem

132 769 166 808 ex
193 763 284 810 matre
312 761 341 811 et
367 753 546 830 propinquas
573 770 640 812 suas
674 761 797 829 nuptum
828 752 859 810 in
891 753 961 812 alias
991 751 1145 817 civitates5

132 847 298 908 collocasse.
339 849 447 908 Favere
466 860 495 910 et
513 867 618 926 cupere
641 848 780 911 Helvetiis
802 859 920 926 propter
939 867 1004 910 eam
1028 847 1119 906 affini·

132 956 227 1018 tatem,
255 946 352 1008 odisse
380 947 466 1006 etiam
494 965 547 1014 suo
575 947 694 1006 nomine
721 945 878 1006 Caesarem
901 957 930 1006 et
957 946 1118 1012 Romanos,

133 1044 212 1118 quod
237 1061 339 1104 eorum
361 1045 486 1106 adventu
507 1045 637 1124 potentia
659 1045 720 1104 eius
741 1045 889 1106 deminuta
912 1054 941 1104 et
961 1043 1119 1103 Divitiacus

133 1140 217 1199 frater
243 1142 273 1200 in
300 1142 450 1218 antiquum
470 1142 567 1201 locum
593 1143 701 1218 gratiae
728 1151 813 1219 atque
834 1142 952 1202 honoris
979 1143 1014 1200 sit
1041 1141 1121 1198 resti·

134 1249 218 1301 tutus.
261 1239 389 1325 Siquid
416 1239 528 1298 accidat
556 1239 706 1312 Romanis,
731 1258 875 1300 summam
901 1241 932 1298 in
959 1257 1042 1316 spem
1069 1256 1122 1314 per
1137 1257 1168 1293 ro

134 1335 283 1396 Helvetios
303 1338 386 1414 regni
407 1337 555 1396 obtinendi
579 1337 675 1396 venire
682 1356 691 1410 ;
719 1337 840 1414 irnperio
867 1337 968 1414 populi
996 1335 1133 1396 Romani.

135 1454 195 1494 non
212 1437 303 1494 modo
322 1435 358 1494 de
378 1453 478 1510 regno,
494 1434 546 1494 sed
563 1435 650 1492 etiam
673 1435 709 1494 de
728 1454 771 1507 ea,
791 1453 879 1512 quarn
898 1436 1012 1506 babeat,
1032 1433 1124 1510 gratia

136 1533 296 1609 desperare.
337 1533 509 1609 Reperiebat
536 1532 623 1592 etiam
649 1532 680 1590 in
707 1533 873 1608 quaerendo
901 1530 1016 1604 Caesar,
1044 1531 1125 1607 quod

136 1631 277 1710 proelium
291 1641 422 1708 equestre
437 1629 589 1688 adversum
602 1631 701 1704 paucis
720 1640 787 1689 ante
801 1630 902 1688 diebus
917 1639 993 1688 esset
1006 1628 1124 1698 factum,

136 1729 247 1786 initium
261 1729 322 1788 eius
336 1729 421 1804 fugae
436 1727 543 1786 factum
563 1745 581 1784 a
594 1725 776 1804 Dumnorige
795 1737 880 1804 atque
900 1728 961 1786 eius
982 1727 1125 1804 equitibus
1139 1745 1168 1793 15

137 1824 219 1906 (nam
232 1827 376 1903 equitatui,
391 1845 479 1903 quern
500 1827 606 1886 auxilio
627 1823 743 1884 Caesari
764 1825 860 1884 Aedui
873 1825 1018 1896 miserant,
1033 1824 1126 1884 Dum-

136 1925 221 1982 norix
255 1909 414 2002 praeerat):
449 1943 551 1984 eorum
584 1920 654 1998 fuga
688 1923 830 1998 reliquum
868 1940 932 1981 esse
968 1924 1127 1998 equitatum

73 2061 76 2067 ·
137 2022 327 2098 perterritum.
381 2027 429 2081 la.
452 2022 566 2094 Quibus
588 2021 674 2078 rebus
695 2021 827 2097 cognitis,
849 2039 915 2079 cum
938 2021 976 2080 ad
996 2021 1049 2081 has
1065 2039 1127 2079 sus-

138 2119 269 2196 piciones
287 2119 461 2178 certissimae
481 2137 526 2178 res
548 2119 725 2190 accederent,
751 2118 832 2193 quod
850 2135 902 2193 per
924 2117 996 2176 fines
1019 2117 1127 2193 Sequa·
1194 2159 1196 2164 ,

138 2235 244 2276 norum
265 2215 414 2276 Helvetios
427 2216 607 2287 traduxisset,
622 2217 702 2292 quod
720 2214 836 2274 obsides
853 2215 925 2274 inter
944 2232 996 2274 eos
1015 2215 1127 2276 dandos
1142 2235 1173 2270 20

139 2324 274 2385 curasset,
290 2315 370 2390 quod
388 2333 423 2374 ea
443 2307 542 2373 omnia
564 2333 625 2374 non
644 2313 734 2372 modo
755 2313 865 2370 iniussu
886 2329 939 2371 suo
956 2322 984 2372 et
1000 2313 1128 2386 civitatis,

139 2414 191 2472 sed
219 2395 306 2471 etiam
333 2412 517 2473 inscientibus
551 2412 621 2490 ipsis
650 2411 772 2481 fecisset,
800 2409 879 2486 quod
910 2427 928 2468 a
962 2411 1130 2486 magistratu

139 2513 310 2574 Aeduorum
331 2521 520 2583 accusaretur,
537 2511 605 2570 satis
624 2529 687 2569 esse
706 2528 809 2568 causae
829 2509 1024 2580 arbitrabatur,
1042 2529 1130 2588 quare

139 2613 171 2668 in
189 2627 256 2668 eum
274 2617 321 2667 aut
340 2608 402 2684 ipse
423 2609 660 2668 animadverteret
678 2617 727 2666 aut
746 2608 889 2666 civitatem
907 2607 1131 2668 animadvertere

140 2709 258 2766 iuberet.
300 2705 357 2764 His
374 2707 509 2766 omnibus
527 2709 613 2766 rebus
631 2724 720 2764 unum
742 2705 929 2782 repugnabat,
949 2705 1028 2781 quod
1051 2706 1130 2767 Divi·
1144 2727 1175 2777 25

140 2807 206 2866 tiaci
241 2805 333 2864 fratris
367 2822 513 2863 summum
546 2805 577 2862 in
611 2804 752 2881 populum
788 2802 956 2862 Romanum
996 2801 1131 2880 studium,

141 2921 287 2963 summam
322 2903 351 2960 in
387 2919 418 2960 se
453 2903 638 2973 voluntatem,
673 2901 820 2977 egregiam
855 2900 952 2972 fidem,
986 2905 1130 2977 iustitiam,

141 3001 361 3078 temperantiam
381 3009 574 3076 cognoverat:
597 3017 674 3070 narn,
696 3017 733 3056 ne
755 2999 816 3056 eius
838 2999 979 3073 supplicio
1000 3001 1132 3062 Divitiaci

142 3099 273 3156 animum
300 3099 469 3170 offenderet,
496 3099 654 3156 verebatur.
697 3096 799 3171 Itaque
830 3095 908 3171 prius
938 3116 1027 3174 quam
1054 3101 1133 3176 quic-

142 3215 233 3274 quam
252 3207 410 3268 conaretur,
425 3197 599 3256 Divitiacum
618 3195 655 3254 ad
675 3212 705 3254 se
721 3195 817 3254 vocari
834 3195 912 3254 iubet
935 3206 963 3256 et
983 3199 1134 3266 cotidianis
1149 3225 1177 3276 3e

143 3295 345 3372 interpretibus
365 3295 482 3353 remotis
503 3313 555 3371 per
575 3293 609 3352 C.
624 3293 771 3351 Valerium
792 3293 954 3365 Procillum,
974 3297 1134 3374 principem

144 3393 257 3454 Galliae
276 3393 447 3467 provinciae,
466 3392 635 3450 familiarem
654 3409 747 3462 suurn,
767 3391 812 3449 cui
837 3409 982 3450 summam
1004 3398 1135 3458 omniurn

142 3511 240 3551 rerum
268 3490 356 3548 fidem
390 3491 522 3564 habebat,
551 3507 618 3549 cum
649 3481 694 3548 eo'
717 3487 903 3566 colloquitur:
938 3491 1022 3550 simul
1054 3514 1135 3555 com.
