2634 3914
426 586 462 652 C.
487 586 609 656 IULII
635 583 873 654 CAESARIS

241 807 340 890 DE
408 808 659 892 BELLO
717 798 1058 891 GALLICO

403 1033 689 1085 COMMENTARIUS
716 1031 894 1084 SEPTIMUS.

457 1207 528 1267 B.C.
551 1223 598 1282 52.
640 1206 752 1268 A.U.C.
775 1220 842 1283 70²·

188 1462 264 1512 Great
271 1461 359 1511 Revolt
367 1461 396 1511 os
402 1460 474 1517 Gaul,
482 1461 662 1512 audMassacre
669 1461 697 1511 ol
702 1463 799 1512 Roman
807 1462 922 1512 citilians.
940 1465 1036 1514 Roman
1043 1479 1144 1530 passage

153 1545 183 1594 ol
199 1545 240 1594 the
261 1546 393 1594 Cevennes.
434 1541 489 1592 Fall
506 1544 535 1592 os
548 1543 689 1594 Avaricum.
731 1545 828 1593 Fallure
845 1552 870 1594 at
888 1545 1014 1610 Gergovia.
1056 1547 1145 1596 Revolt

153 1626 277 1676 olAedui.
311 1627 411 1676 Retreat
422 1626 451 1676 of
459 1623 581 1674 Labienus
592 1625 656 1674 from
667 1626 771 1676 Lutetia
805 1627 1017 1691 SiegeofAlesia.

193 1791 218 1845 1.
241 1784 366 1857 Qurura
391 1783 485 1844 Gallia
509 1783 623 1855 Caesar,
645 1793 677 1842 ut
700 1785 894 1856 constituerat,
916 1784 946 1842 in
970 1785 1083 1848 Italiam
1107 1789 1145 1846 ad

152 1895 313 1948 conventus
341 1883 471 1959 agendos
498 1883 695 1958 proficiscitur.
736 1883 781 1942 Ibi
809 1883 961 1958 cognoscit
988 1885 1025 1944 de
1050 1884 1145 1944 Clodii

153 1983 252 2054 caede,
281 1982 319 2040 de
349 1992 523 2058 senatusque
555 1980 689 2038 consulto
716 1980 819 2042 certior
850 1980 951 2051 factus,
978 1991 1010 2041 ut
1040 1999 1144 2044 omnes

152 2081 280 2138 iuniores
301 2079 400 2140 Italiae
420 2061 609 2149 coniurarent,
630 2078 772 2136 delectum
792 2087 852 2138 tota
872 2079 1020 2154 provincia
1037 2078 1144 2139 habere

152 2178 280 2238 instituit
323 2177 384 2236 Eae
407 2196 453 2236 res
477 2178 508 2235 in
533 2175 657 2236 Galliam
682 2175 904 2250 Transalpinam
928 2176 1056 2236 celeriter
1079 2197 1172 2262 per-5

152 2275 291 2334 feruntur.
333 2275 455 2334 Addunt
478 2275 533 2350 ipsi
558 2283 586 2332 et
610 2273 750 2348 affingunt
773 2274 936 2333 rumoribus
958 2273 1041 2346 Galli,
1064 2277 1144 2351 quod

152 2391 198 2430 res
216 2391 336 2449 poscere
353 2373 510 2443 videbatur,
525 2371 638 2430 retineri
652 2371 765 2432 urbano
782 2381 865 2430 motu
879 2370 1034 2430 Caesarem
1048 2391 1144 2450 neque

152 2474 184 2530 in
209 2473 295 2530 tantis
320 2471 548 2530 dissensionibus
575 2469 613 2528 ad
637 2470 794 2532 exercitum
818 2470 914 2530 venire
939 2487 1035 2546 posse.
1077 2471 1144 2532 Hae

153 2570 270 2646 impulsi
289 2569 453 2639 occasione,
473 2569 522 2645 qui
541 2568 598 2626 iam
618 2576 684 2626 ante
706 2585 737 2630 se
757 2568 857 2644 populi
876 2568 1003 2628 Romani
1022 2569 1144 2646 imperio

153 2669 300 2726 sublectos
320 2667 459 2736 dolerent,
473 2665 589 2724 liberius
609 2674 695 2742 atque
714 2667 852 2724 audacius
873 2667 1005 2726 debello
1025 2670 1144 2728 consilia
1160 2699 1189 2734 10

154 2766 226 2824 inire
241 2765 388 2840 incipiunt.
431 2763 550 2820 Indictis
572 2763 645 2820 inter
666 2781 697 2820 se
718 2763 862 2840 principes
883 2763 993 2824 Galliae
1015 2767 1144 2826 conciliis

154 2863 328 2920 silvestribus
351 2879 385 2920 ac
408 2861 526 2919 remotis
551 2860 622 2922 locis
644 2870 801 2938 queruntur
825 2861 861 2920 de
882 2862 1010 2923 Acconis
1033 2875 1143 2937 morte3

154 2980 242 3038 posse
254 2961 332 3020 hunc
344 2978 443 3020 casum
459 2960 495 3018 ad
509 2959 589 3035 ipsos
603 2959 728 3018 recidere
740 2960 955 3019 demonstrant:
974 2961 1145 3021 miserantur

154 3077 342 3118 communem
376 3057 486 3116 Galliae
520 3057 681 3116 fortunam:
724 3059 859 3118 omnibus
894 3058 1145 3134 pollicitationibus
1245 3061 1249 3069 ’

155 3177 190 3218 ac
207 3157 343 3234 praemiis
360 3156 530 3230 deposcunt,
546 3155 595 3230 qui
612 3155 678 3214 belli
695 3155 806 3215 initium
820 3156 927 3214 saciant
941 3167 969 3216 et
987 3158 1030 3218 sui
1044 3161 1145 3236 capitis
1161 3187 1169 3220 t
1175 3187 1188 3236 5

154 3256 283 3334 periculo
299 3254 423 3314 Galliam
436 3253 467 3312 in
480 3253 637 3312 libertatem
651 3253 805 3312 vindicent.
847 3254 990 3330 Imprimis
1004 3259 1145 3316 rationem

155 3373 221 3414 esse
237 3353 402 3412 habendam
419 3350 526 3422 dicunt,
541 3351 708 3426 priusquam
722 3369 822 3410 eorum
837 3353 1013 3414 clandestina
1027 3359 1146 3416 consilia

155 3452 318 3522 efferantur,
346 3459 378 3510 ut
407 3447 514 3508 Caesar
545 3448 582 3506 ab
610 3449 737 3506 exercitu
767 3449 977 3520 intercludatur.
1019 3455 1055 3516 Id
1082 3453 1146 3516 es'se
