2606 3934
212 242 253 326 36
537 254 568 304 c.
591 254 687 302 rurrr
708 249 887 301 orrrsrrrrsw
1164 255 1199 301 11.

213 405 368 464 exercitum
402 405 550 464 traducere
585 403 742 474 maturavit,
778 412 864 479 atque
898 400 939 461 ibi
972 409 1065 460 castra
1098 401 1199 476 posuit.

214 501 298 573 Quae
317 521 362 562 res
377 513 405 562 et
421 504 494 562 latus
507 521 599 561 unum
613 511 773 561 castrorum
790 502 859 576 ripis
874 499 1001 560 fluminis
1015 499 1162 557 muniebat
1174 506 1201 554 et

212 609 279 675 post
299 619 365 659 eum
386 619 460 678 quae
481 610 586 671 essent,
608 609 669 658 tuta
689 601 726 657 ab
747 599 880 656 hostibus
901 597 1040 656 reddebat
1065 605 1101 666 et,
1124 613 1201 653 com·

212 707 324 756 meatus
344 699 381 756 ab
402 698 503 758 Remis
519 699 692 774 reliquisque
713 697 874 755 civitatibus
892 705 925 754 ut
944 692 1150 771 sine‘periculo
1165 692 1202 750 ad

186 815 280 867 5eum
302 797 408 872 portari
428 806 555 873 possent,
577 796 724 855 efficiebat.
765 795 802 853 In
826 812 862 852 eo
886 794 1006 852 flumine
1033 811 1109 869 pons
1137 801 1203 850 erat.

214 894 259 952 Ibi
278 895 451 970 praesidium
467 896 550 970 ponit
568 901 596 952 et
616 894 647 952 in
664 894 751 951 altera
768 902 848 968 parte
863 891 989 950 fluminis
1008 891 1044 963 Q.
1061 890 1204 948 Titurium

215 990 355 1050 Sabinum
378 992 504 1068 legatum
526 1009 593 1050 cum
618 1009 670 1050 sex
694 990 861 1049 cohortibus
882 988 1033 1064 relinquit;
1062 998 1155 1046 castra
1174 988 1203 1044 in

215 1089 392 1148 altitudinem
416 1089 524 1166 pedum
548 1103 596 1146 x11
620 1088 694 1146 vallo
717 1087 853 1164 fossaque
875 1086 1073 1162 duodeviginti
1097 1085 1204 1160 pedum

214 1189 326 1246 munire
340 1189 425 1247 iubet.

172 1308 202 1342 ιο
257 1292 285 1344 6.
307 1285 354 1342 Ab
368 1285 412 1343 his
427 1285 527 1344 castris
550 1285 693 1362 oppidum
711 1284 873 1342 Remorum
890 1283 1011 1342 nomine
1030 1281 1136 1339 Bibrax
1155 1281 1205 1338 ab·

215 1392 274 1442 erat
284 1383 362 1442 milia
376 1400 515 1458 passuum
529 1393 606 1442 octo.
647 1383 684 1442 Id
698 1401 734 1440 ex
744 1383 845 1440 itinere
856 1398 965 1456 magno
976 1381 1085 1456 impetu
1099 1379 1206 1453 Belgae

216 1499 385 1557 oppugnare
400 1490 566 1556 coeperunt.
609 1481 705 1556 Aegre
720 1498 755 1538 eo
776 1480 821 1538 die
839 1488 1029 1538 sustentatum
1043 1486 1095 1535 est.
1124 1475 1205 1534 'Gal-

216 1579 310 1636 lorum
331 1578 435 1636 eadem
460 1588 547 1653 atque
571 1577 727 1653 Belgarum
749 1577 932 1654 oppugnatio
957 1585 1001 1634 est
1025 1575 1107 1633 haec.
1147 1573 1207 1630 Ubi

218 1677 400 1734 circumiecta
424 1676 604 1734 multitudine
628 1677 780 1734 hominum
807 1676 875 1733 totis
899 1673 1052 1732 moenibus
1079 1672 1208 1746 undique

176 1792 203 1840 15
218 1775 248 1832 in
272 1792 387 1831 murum
408 1774 517 1850 lapides
541 1776 595 1832 iaci
617 1775 712 1851 coepti
736 1783 803 1832 sunt
826 1791 982 1848 murusque
1007 1771 1209 1830 defensoribus

219 1872 342 1930 nudatus
363 1881 414 1942 est,
436 1873 580 1930 testudine
601 1872 676 1929 facta
700 1871 826 1947 [portas]
854 1869 1014 1929 succedunt
1035 1887 1210 1944 murumque

218 1970 367 2028 subruunt.
423 1967 512 2040 Quod
546 1979 608 2028 tum
642 1967 725 2028 facile
763 1969 858 2026 fiebat.
914 1965 992 2024 Nam
1026 1985 1093 2024 curn
1127 1975 1211 2023 tanta

217 2067 370 2125 multitudo
394 2067 504 2143 lapides
529 2086 563 2126 ac
587 2067 644 2125 tela
669 2067 842 2136 conicerent,
867 2065 899 2122 in
923 2083 1007 2122 muro
1030 2064 1212 2123 consistendi

217 2173 345 2240 potestas
373 2174 433 2223 erat
460 2165 537 2223 nulli.
580 2164 656 2224 Cum
677 2165 766 2222 finem
787 2163 978 2239 oppugnandi
1003 2181 1062 2220 nox
1084 2163 1212 2231 fecisset,

174 2281 204 2316 ro
217 2261 311 2321 Iccius
336 2263 456 2334 Remus
482 2282 596 2322 summa
619 2263 767 2321 nobilitate
791 2271 820 2319 et
843 2262 936 2338 gratia
963 2262 1036 2319 inter
1060 2280 1137 2332 suos,
1159 2264 1214 2337 qui

217 2370 280 2417 tum
301 2360 409 2435 oppido
431 2360 600 2436 praefuerat,
621 2378 697 2418 unus
718 2379 753 2418 ex
775 2360 817 2431 iis,
839 2360 888 2435 qui
909 2360 995 2435 legati
1020 2360 1056 2418 de
1077 2379 1150 2436 pace
1171 2363 1215 2420 ad

219 2456 375 2515 Caesarem
394 2467 539 2528 venerant,
558 2457 690 2514 nuntium
709 2458 746 2516 ad
766 2476 833 2515 eum
852 2458 952 2516 mittit:
973 2458 1029 2516 nisi
1048 2459 1216 2517 subsidium
1285 2455 1286 2458 ’

119 2569 120 2572 ’
219 2555 273 2613 sibi
292 2554 480 2624 submittatur,
495 2572 558 2613 sese
573 2555 678 2613 diutius
693 2556 832 2613 sustinere
846 2573 907 2614 non
921 2573 1016 2632 posse.
1060 2561 1088 2616 7.
1110 2556 1157 2614 Eo
1173 2557 1216 2616 de

219 2653 317 2710 media
333 2661 419 2710 nocte
437 2651 544 2710 Caesar
563 2653 655 2710 isdem
672 2653 793 2712 ducibus
812 2672 891 2725 usus,
906 2655 955 2730 qui
972 2655 1064 2712 nuntii
1078 2656 1115 2712 ab
1129 2655 1217 2714 Iccio

176 2773 204 2823 ²5
219 2759 365 2820 venerant,
400 2749 544 2808 Numidas
581 2760 610 2808 et
646 2749 747 2810 Cretas
786 2752 949 2826 sagittarios
986 2761 1015 2810 et
1049 2753 1218 2812 funditores

220 2848 354 2906 Baleares
386 2849 514 2907 subsidio
545 2848 698 2923 oppidanis
728 2850 829 2922 mittit;
864 2868 988 2925 quorum
1023 2851 1148 2908 adventu
1185 2863 1220 2910 et

221 2945 322 3004 Remis
343 2964 409 3004 cum
431 2964 482 3022 spe
504 2945 680 3004 defensionis
702 2948 828 3006 studium
851 2949 1058 3024 propugnandi
1078 2949 1220 3021 accessit,

221 3053 250 3103 et
271 3044 401 3102 hostibus
422 3044 524 3102 eadem
545 3045 581 3102 de
602 3061 690 3103 causa
710 3063 777 3120 spes
797 3047 929 3122 potiundi
947 3046 1048 3121 oppidi
1069 3047 1221 3108 discessit.

220 3142 322 3218 Itaque
342 3142 487 3218 paulisper
507 3142 585 3218 apud
603 3143 743 3218 oppidum
762 3144 866 3201 morati
886 3161 1029 3220 agrosque
1049 3144 1224 3206 Remorum

177 3263 208 3311 30
221 3241 387 3316 depopulati
404 3241 540 3298 omnibus
557 3240 626 3298 vicis
645 3241 845 3316 aedificiisque,
860 3259 935 3318 quos
953 3243 1031 3301 adire
1049 3255 1225 3319 potuerant,

222 3339 346 3397 incensis
370 3339 408 3396 ad
436 3350 529 3397 castra
558 3337 689 3397 Caesaris
717 3340 851 3398 omnibus
879 3340 972 3416 copiis
999 3341 1227 3403 contenderunt

223 3446 251 3494 et
279 3437 315 3493 ab
342 3435 457 3494 milibus
485 3454 624 3513 passuum
651 3437 746 3494 minus
774 3437 888 3496 duobus
916 3448 1009 3497 castra
1032 3453 1205 3515 posuerunt
1217 3463 1227 3515 ;

223 3550 297 3610 quae
319 3542 419 3604 castra,
440 3544 471 3592 ut
492 3533 574 3592 fumo
595 3543 680 3610 atque
704 3535 819 3610 ignibus
843 3537 1065 3612 significabatur,
1088 3539 1230 3616 amplius
