2652 3928
198 199 257 264 192
602 195 636 246 A.
659 196 781 245 urum
1111 198 1184 243 vrrr.

193 341 321 400 hostium
341 344 462 403 consilio
483 346 573 403 nostri
594 346 631 404 ad
652 346 851 422 proeliandum
871 344 969 404 animo
990 352 1076 418 atque
1097 343 1183 401 armis

194 440 285 512 parati
305 459 372 498 cum
394 443 635 517 subsequentibus
654 444 817 519 legionibus
835 441 943 501 nullam
965 441 1180 524 dimicationem

193 548 365 609 recusarent,
393 541 539 598 turmatim
563 541 593 598 in
613 559 680 598 eum
701 541 798 598 locum
819 539 1003 598 devenerunt.
1046 537 1181 609 Quorum

194 633 319 692 adventu
337 655 405 694 cum
424 637 477 694 sibi
492 636 616 696 Correus
631 629 763 696 ¹oblatam
783 637 968 695 occasionem
982 637 1022 694 rei
1037 635 1181 711 gerendae

166 748 180 798 5
194 731 376 804 existimaret,
396 735 521 809 primum
540 753 607 792 cum
621 735 721 810 paucis
742 752 773 792 se
794 734 920 792 ostendit
935 744 1020 808 atque
1035 734 1065 790 in
1079 733 1177 808 proxi-

193 847 256 887 mas
282 839 391 889 turmas
419 831 559 906 impetum
586 832 662 890 fecit.
704 831 804 890 Nostri
837 841 1002 889 constanter
1029 831 1176 888 incursum

193 929 333 986 sustinent
353 929 560 1000 insidiatomm,
583 948 677 1006 neque
701 929 796 1004 plures
821 929 850 985 in
870 947 961 986 unum
986 928 1083 986 locum
1108 945 1179 984 con-

193 1026 325 1098 veniunt;
354 1026 433 1102 quod
451 1027 620 1102 plerumque
640 1027 818 1102 equestribus
837 1026 953 1102 proeliis
973 1043 1040 1082 cum
1061 1038 1179 1101 propter

145 1111 148 1116 ’
193 1123 317 1198 aliquem
331 1123 463 1182 timorem
478 1125 589 1195 accidit,
604 1133 665 1182 tum
684 1123 864 1182 multitudine
879 1125 1008 1199 ipsorum
1023 1123 1178 1184 detrimen-

152 1244 181 1278 10
192 1230 253 1278 tum
281 1221 425 1296 accipitur.
479 1229 528 1281 19.
551 1221 627 1280 Cum
655 1222 801 1298 dispositis
825 1223 925 1279 turmis
950 1222 980 1278 in
1004 1222 1096 1278 vicem
1123 1223 1179 1280 rari

192 1317 395 1392 proeliarentur
416 1337 510 1395 neque
528 1321 565 1376 ab
584 1320 718 1377 lateribus
739 1320 935 1377 circumveniri
956 1337 1024 1377 suos
1045 1331 1178 1395 pateren-

191 1425 245 1484 tur,
264 1425 418 1490 erumpunt
437 1417 522 1474 ceteri
537 1415 646 1474 Correo
660 1417 816 1492 proeliante
831 1437 867 1476 ex
886 1417 970 1476 silvis,
1012 1417 1057 1474 Fit
1071 1436 1178 1494 magna

192 1511 378 1570 contentione
407 1513 551 1571 diversum
578 1513 727 1588 proelium.
770 1513 860 1585 Quod
888 1533 954 1573 cum
983 1515 1087 1572 diutius
1114 1517 1178 1592 pari

192 1608 286 1667 Marte
301 1610 424 1681 iniretur,
439 1611 577 1686 paulatim
591 1631 627 1669 ex
642 1611 718 1669 silvis
732 1612 870 1670 instructa
880 1612 1032 1670 multitudo
1046 1616 1186 1688 procedit·

149 1728 177 1777 15
192 1709 329 1784 pediturn,
365 1727 438 1784 quae
471 1719 587 1768 nostros
622 1710 718 1785 coegit
750 1710 851 1768 cedere
887 1712 1005 1786 equites
1062 1711 1176 1784 Quibus

191 1806 318 1864 celeriter
337 1807 508 1864 subveniunt
527 1807 596 1866 levis
613 1817 772 1865 armaturae
792 1808 910 1884 pedites,
933 1826 1007 1883 quos
1028 1819 1094 1866 ante
1114 1811 1176 1887 leg-

190 1906 272 1963 iones
286 1904 390 1962 missos
405 1904 499 1974 docui,
515 1906 671 1981 turmisque
686 1915 852 1964 nostrorum
867 1906 1025 1982 interpositi
1039 1919 1176 1968 constan·

190 2013 232 2060 ter
266 2003 448 2078 proeliantur.
491 2003 639 2080 Pugnatur
669 2005 845 2080 aliquamdiu
876 2005 938 2080 pari
970 2008 1175 2081 contentione;

190 2099 302 2169 deinde,
321 2110 352 2158 ut
372 2101 445 2159 ratio
466 2103 631 2178 postulabat
651 2103 761 2178 proelii,
783 2103 831 2178 qui
851 2102 1046 2161 sustinuerant
1065 2106 1176 2179 primos

147 2220 177 2254 ιο
189 2199 313 2274 impetus
334 2199 509 2270 insidiarum,
527 2200 584 2258 hoc
603 2201 667 2275 ipso
685 2200 757 2258 liunt
779 2200 948 2274 superiores,
967 2201 1046 2276 quod
1065 2203 1176 2262 nullum

189 2296 226 2352 ab
272 2294 469 2354 insidiantibus
502 2297 699 2371 imprudentes
745 2305 916 2371 acceperant
963 2297 1174 2360 detrimentum.

189 2391 340 2450 Accedunt
360 2393 479 2468 propius
502 2394 616 2452 interim
639 2393 777 2468 legiones,
803 2395 950 2468 crebrique
974 2395 1078 2452 eodem
1103 2407 1176 2455 tem-

189 2508 260 2564 pore
284 2499 313 2548 et
334 2491 439 2548 nostris
464 2499 492 2548 et
515 2490 646 2548 hostibus
670 2491 762 2547 nuntii
785 2489 949 2560 afferuntur,
970 2492 1175 2567 imperatorem

188 2588 332 2644 instructis
353 2587 445 2662 copiis
466 2587 575 2646 adesse.
629 2587 697 2659 Qua
717 2606 747 2644 re
770 2571 886 2662 cognita
906 2589 1050 2662 praesidio
1070 2590 1174 2648 cohor·

143 2707 174 2755 25
188 2685 258 2742 tium
280 2685 381 2743 contisi
402 2686 493 2746 nostri
514 2685 650 2745 acerrime
672 2685 854 2760 proeliantur,
877 2703 923 2756 ne,
944 2685 968 2742 si
987 2687 1094 2746 tardius
1112 2708 1174 2746 rem

187 2783 351 2858 gessissent,
376 2783 510 2842 victoriae
528 2783 650 2859 gloriam
671 2783 901 2840 communicasse
923 2801 990 2840 cum
1010 2784 1174 2859 legionibus

187 2879 364 2952 viderentur3
386 2881 485 2940 hostes
500 2880 657 2940 concidunt
671 2880 774 2939 animis
791 2890 876 2955 atque
893 2880 1040 2939 itineribus
1055 2881 1174 2942 diversis

186 2975 284 3052 fugam
296 2987 436 3054 quaerunt
450 2979 644 3054 nequiquam:
667 2996 736 3035 narn
750 2978 854 3053 quibus
868 2977 1078 3037 difficultatibus
1092 2980 1173 3039 loco-

186 3093 250 3132 rum
265 3075 417 3148 Romanos
432 3076 563 3134 claudere
578 3075 735 3144 voluerant,
750 3075 784 3132 iis
805 3074 860 3148 ipsi
874 3075 1052 3134 tenebantur.
1095 3077 1173 3138 Victi

143 3180 283 3248 30tamen
303 3173 483 3249 perculsique
504 3173 613 3230 maiore
633 3183 713 3248 parte
734 3171 840 3228 amissa
861 3175 1034 3231 consternati
1055 3175 1173 3252 profug-

184 3270 246 3326 iunt
266 3270 369 3344 partim
389 3270 464 3328 silvis
483 3271 586 3344 petitis,
605 3270 708 3344 partim
725 3268 851 3339 flumine,
867 3270 915 3344 qui
933 3280 1031 3328 tamen
1051 3273 1082 3329 in
1102 3272 1174 3347 fuga

184 3383 202 3422 a
215 3366 319 3424 nostris
335 3367 434 3424 acriter
448 3368 663 3443 insequentibus
678 3369 874 3440 conficiuntur,
887 3391 953 3430 curn
968 3369 1080 3427 interim
1095 3371 1173 3429 nulla

184 3463 345 3522 calamitate
364 3465 455 3523 victus
480 3465 605 3524 Correus
624 3467 763 3526 excedere
780 3471 890 3545 proelio
914 3473 1054 3549 silvasque
1074 3483 1173 3550 petere

184 3568 233 3618 aut
256 3560 439 3620 invitantibus
460 3563 564 3622 nostris
591 3563 629 3622 ad
652 3565 828 3626 deditionem
852 3571 945 3648 potuit
967 3571 1078 3643 adduci,
1101 3572 1172 3648 quin
