2634 3914
158 225 251 293 2-5.
382 223 428 272 ua
449 225 559 272 asaro
583 223 731 274 carasco
754 225 863 273 nourr.
892 225 922 272 r.
1106 205 1146 290 85

156 371 356 446 magnitudine
375 391 428 448 per
440 373 554 431 medios
575 373 648 431 fines
666 373 860 431 Treverorum
875 389 893 428 a
906 370 1025 428 flumine
1041 369 1146 427 Rheno
1219 393 1228 408 ·

156 468 194 526 ad
214 468 326 526 initium
351 468 512 528 Remorum
535 471 666 546 pertinet,
687 470 794 527 bellum
819 486 919 544 parare
941 468 1068 538 Instituit,
1094 465 1146 525 sed

156 575 347 643 posteaquam
369 569 499 626 nonnulli
517 569 662 644 principes
680 585 765 625 exea
780 567 893 625 civitate
914 575 942 624 et
957 565 1145 624 familiaritate

157 663 350 742 Cingetorigis
370 667 486 725 adducti
505 676 534 724 et
548 667 673 724 adventu
687 665 778 724 nostri
793 666 933 724 exercitus
952 663 1092 740 perterriti
1108 663 1145 721 ad

157 760 311 821 Caesarem
329 774 468 822 venerunt
489 764 574 823 etde
596 765 653 822 suls
674 764 805 839 privatim
825 764 911 821 rebus
933 763 970 820 ab
992 779 1028 820 eo
1047 763 1173 838 peteres

157 871 323 936 coeperunt,
345 862 483 937 quoniam
505 861 608 920 civitati
630 861 780 919 consulere
802 877 863 918 non
884 870 1013 936 possent,
1030 859 1143 930 veritus,

155 974 193 1015 ne
228 959 265 1016 ab
292 960 431 1018 omnibus
464 961 650 1028 desereretur,
683 954 923 1036 [Indutiomarus]
959 958 1070 1032 legatos
1106 957 1145 1014 ad

156 1053 312 1114 Caesarem
332 1057 436 1115 mittit:
466 1056 536 1115 Sese
557 1057 664 1114 idcirco
686 1056 723 1114 ab
745 1055 804 1113 suis
829 1055 977 1113 discedere
998 1065 1084 1131 atque
1106 1053 1144 1112 ad

155 1170 222 1210 eum
243 1155 339 1211 venire
361 1153 496 1223 noluisse,
518 1171 577 1229 quo
603 1153 713 1212 facilius
737 1153 879 1211 ciritatem
900 1154 930 1210 in
954 1152 1050 1210 officio
1072 1169 1143 1210 con-

154 1251 267 1320 tineret,
284 1269 321 1309 ne
340 1253 437 1310 omnis
456 1252 611 1310 nobilitatis
635 1251 764 1310 discessu
788 1251 870 1326 plebs
894 1258 1013 1327 propter
1036 1249 1144 1324 impru·
1159 1263 1190 1300 10

155 1349 283 1408 dentiam
303 1349 463 1408 laberetru:
492 1350 588 1424 itaque
611 1367 674 1408 esse
697 1349 840 1406 civitatem
863 1349 893 1406 in
918 1366 971 1406 sua
993 1356 1144 1423 potestate,

155 1465 285 1522 seseque,
317 1447 341 1505 si
373 1446 480 1506 Caesar
510 1449 693 1524 pennitteret‚
728 1446 766 1505 ad
797 1464 864 1504 eum
894 1447 925 1504 in
956 1456 1048 1505 castra
1076 1462 1145 1504 ven-

155 1556 260 1616 turum,
284 1563 350 1604 suas
385 1545 562 1620 civitatisque
587 1545 717 1603 fortunas
745 1545 807 1602 eius
838 1543 904 1602 fidei
927 1544 1143 1620 permissurum.

154 1647 185 1700 4.
215 1641 330 1713 Caesar,
356 1643 409 1701 etsi
434 1643 624 1718 intellegebat,
654 1661 711 1720 qua
736 1643 772 1700 de
801 1659 888 1700 causa
912 1660 947 1700 ea
975 1643 1143 1712 dicerentur,

155 1758 286 1816 quaeque
314 1759 381 1798 eum
405 1759 451 1800 res
478 1743 516 1800 ab
544 1741 673 1799 instituto
706 1739 826 1799 consilio
856 1740 1018 1812 deterreret,
1037 1749 1144 1810 tamen,
1160 1765 1189 1816 ¹5

155 1856 193 1895 ne
208 1847 347 1896 aestatem
366 1839 397 1895 iu
420 1838 555 1897 Treveris
577 1855 748 1897 consumere
773 1847 924 1912 cogeretur
948 1839 1084 1896 omnibus
1107 1839 1144 1895 ad

155 1933 352 1994 Britannicum
372 1937 480 1994 bellum
500 1937 586 1996 rebus
605 1935 785 2011 comparatis,
804 1935 1034 1993 Indutiomarum
1055 1935 1092 1993 ad
1114 1953 1145 1994 se

156 2051 224 2090 cum
245 2033 375 2091 ducentis
397 2034 546 2092 obsidibus
566 2035 662 2092 venire
683 2034 772 2090 iussit.
815 2031 872 2090 His
894 2033 1034 2103 adductis,
1059 2032 1089 2088 in
1110 2032 1145 2090 iis

156 2129 215 2187 filio
237 2130 475 2207 propinquisque
490 2131 551 2189 eius
579 2132 723 2202 omnibus,
752 2148 824 2206 quas
847 2131 1019 2187 nomInatim
1043 2147 1145 2188 evoca·

156 2236 243 2292 verat,
279 2227 444 2286 consolatus
478 2228 708 2286 Indutiomarum
740 2227 928 2303 hortatusque
962 2235 1013 2298 est,
1044 2227 1085 2284 uti
1115 2227 1146 2284 in
1160 2249 1191 2284 ιο

157 2326 253 2384 officIo
268 2335 415 2400 maneret;
437 2327 526 2385 nihilo
541 2337 639 2385 tamen
654 2327 747 2402 secius
761 2325 938 2402 principibus
953 2325 1145 2384 Treverorum
1199 2326 1202 2329 ’

158 2423 196 2482 ad
224 2441 254 2482 se
283 2425 451 2484 convocatis
481 2425 537 2483 hos
568 2425 732 2500 singillatim
761 2422 940 2498 Cingetorigi
973 2423 1144 2494 conciliavit,

159 2521 239 2599 quod
263 2540 330 2580 curn
358 2523 462 2580 merito
482 2523 545 2581 eius
571 2539 588 2581 a
616 2540 649 2580 se
668 2521 728 2579 fieri
749 2521 941 2597 intellegebat,
963 2531 1026 2578 tum
1046 2521 1146 2596 magni

157 2621 295 2678 interesse
323 2620 512 2678 arbitrabatur
539 2619 601 2679 eius
628 2619 829 2678 auctoritatem
860 2620 935 2676 inter
961 2636 1031 2678 suos
1058 2637 1145 2695 quam

157 2719 314 2796 plurhnum
341 2716 443 2788 valere,
471 2717 552 2776 cuius
579 2727 640 2774 tam
667 2717 814 2792 egregiam
847 2716 877 2772 in
910 2735 941 2775 se
968 2717 1146 2775 voluntatem
1161 2733 1189 2784 ²5

156 2815 360 2892 perspexisset
402 2814 438 2872 Id
460 2815 522 2872 tulit
543 2815 651 2872 factum
673 2815 794 2889 graviter
815 2813 1043 2886 Indutiomarus,
1063 2832 1148 2873 suam

157 2914 280 2990 gratiam
300 2911 373 2969 inter
394 2929 463 2970 suos
490 2912 588 2983 minui,
611 2913 709 2988 etqui
729 2913 787 2969 iam
808 2921 874 2970 ante
895 2913 1013 2970 inimico
1034 2913 1067 2970 in
1091 2929 1147 2970 nos

156 3011 256 3068 animo
265 3009 373 3078 fuisset,
382 3009 473 3066 multo
482 3009 596 3083 gravius
607 3009 664 3067 hoc
679 3009 778 3067 dolore
789 3009 901 3068 exarsit.
943 3015 973 3069 5.
994 3008 1051 3068 His
1060 3009 1146 3066 rebus

158 3107 320 3166 constitutis
337 3105 445 3164 Caesar
459 3107 496 3163 ad
510 3115 627 3182 portum
645 3107 732 3164 Itium
747 3124 813 3164 curn
830 3106 993 3182 legionibus
1010 3107 1145 3182 pervenit.

157 3203 204 3264 Ibi
225 3205 377 3280 cognoscit
396 3221 436 3261 mr
457 3221 553 3276 naves,
574 3205 699 3280 quaein
720 3203 827 3262 Meldis
851 3203 943 3262 factae
964 3213 1053 3275 erant,
1075 3214 1146 3262 tem·
1161 3220 1191 3268 30

158 3312 270 3379 pestate
290 3302 409 3359 reiectas
431 3319 546 3360 cursum
567 3310 665 3360 tenere
688 3319 750 3359 non
774 3301 902 3378 potuisse
924 3311 1011 3378 atque
1033 3301 1147 3372 eodem,

158 3399 237 3457 unde
278 3408 358 3457 erant
392 3397 548 3474 profectae,
588 3400 754 3472 revertisse;
796 3399 919 3474 reliquas
959 3409 1073 3475 paratas
1110 3399 1148 3458 ad

159 3495 354 3572 navigandum
402 3505 489 3572 atque
529 3497 666 3555 omnibus
710 3498 796 3555 rebus
840 3497 991 3556 instructas
1032 3499 1148 3556 invenit.
