2652 3928
186 214 247 282 r90
515 175 520 188 ⁸
589 207 625 259 A.
648 199 772 258 rrrnr'rr
1103 210 1177 256 vur.

185 369 371 435 cognossent,
387 359 479 418 duces
494 357 714 420 Bellovacorum
735 359 813 418 veriti
833 357 956 417 similem
975 357 1178 416 obsessionem

185 458 300 515 Alesiae
329 467 417 516 noctu
445 457 590 515 dimittunt
617 472 678 528 eos,
703 475 777 533 quos
802 465 851 515 aut
879 465 970 515 aetate
997 465 1047 513 aut
1070 455 1181 511 viribus

186 555 333 615 inferiores
348 565 397 614 aut
407 556 531 614 inermes
545 555 698 626 habebant,
710 573 825 632 unaque
840 555 948 630 reliqua
961 547 1177 630 impedimenta.

187 653 319 725 Quorum
348 654 544 730 perturbatum
572 663 601 710 et
624 652 777 712 confusum
802 653 871 710 dum
900 651 1044 727 explicant
1071 666 1178 725 agmen

159 749 308 828 5(magna
335 752 412 808 enirn
439 750 592 808 multitudo
621 768 767 809 carrorum
795 751 882 808 etiam
915 748 1067 825 expeditos
1096 745 1178 822 sequi

188 849 290 908 Gallos
306 849 476 922 consuevit),
495 850 628 925 oppressi
647 849 711 907 luce
730 849 830 924 copias
851 842 1026 906 aneatorum
1045 862 1098 921 pro
1118 844 1178 902 suis

187 947 331 1004 instruunt
352 948 460 1017 castris,
482 964 520 1004 ne
541 947 620 1023 prius
641 947 769 1005 Romani
790 947 925 1022 persequi
953 963 984 1006 se
1008 944 1178 1018 inciperent,

188 1063 275 1122 quam
288 1045 403 1120 longius
425 1063 531 1121 agmen
550 1045 824 1120 impedimentorum
843 1053 962 1101 suorum
981 1040 1178 1118 processisset.

188 1144 227 1201 At
262 1142 369 1201 Caesar
402 1161 497 1218 neque
532 1145 699 1201 resistentes
733 1141 945 1219 aggrediendos
980 1150 1062 1198 tanto
1097 1136 1178 1196 collis

146 1267 176 1300 ro
188 1259 310 1300 ascensu
325 1241 478 1312 iudicabat,
492 1259 588 1318 neque
602 1257 662 1300 non
676 1256 768 1317 usque
782 1257 819 1298 eo
827 1241 957 1316 legiones
972 1235 1178 1305 admovendas,

187 1349 219 1396 ut
230 1339 377 1397 discedere
392 1357 428 1396 ex
443 1355 479 1397 eo
493 1339 558 1396 loco
573 1341 635 1397 sine
649 1339 778 1415 periculo
792 1339 905 1396 barbari
919 1337 1055 1394 militibus
1069 1335 1178 1392 instan-

188 1437 263 1495 tibus
296 1455 357 1496 non
385 1446 513 1512 possent.
557 1437 610 1507 Ita,
639 1453 706 1496 cum
734 1437 842 1512 palude
868 1435 1006 1512 impedita
1033 1451 1051 1492 a
1078 1433 1179 1491 castris

189 1543 281 1591 castra
302 1533 389 1591 dividi
410 1535 526 1604 videret,
548 1551 622 1610 quae
643 1535 811 1592 transeundi
832 1531 984 1592 difficultas
1005 1529 1179 1591 celeritatem

190 1633 360 1709 insequendi
393 1633 505 1691 tardare
533 1643 641 1708 posset,
671 1643 756 1709 atque
784 1633 814 1691 id
847 1634 955 1708 iugum,
988 1630 1068 1707 quod
1100 1639 1178 1688 trans

147 1755 175 1804 15
190 1729 326 1806 paludem
343 1747 437 1806 paene
455 1728 492 1787 ad
512 1730 638 1788 hostium
658 1741 751 1788 castra
769 1732 932 1806 pertineret,
951 1728 1090 1788 mediocri
1107 1725 1180 1784 valle

191 1845 208 1885 a
229 1827 329 1885 castris
363 1845 465 1885 eorum
493 1829 659 1886 intercisum
695 1830 823 1890 animum
848 1829 1014 1897 adverteret,
1038 1826 1178 1903 pontibus

191 1923 296 2002 palude
318 1935 465 1984 constrata·
483 1925 613 2000 legiones
634 1926 757 1984 traducit
777 1926 962 2002 celeriterque
983 1925 1014 1982 in
1035 1939 1180 1982 summam

191 2023 344 2100 planiciem
361 2024 420 2099 iugi
440 2025 578 2100 prevenit,
597 2041 671 2100 quae
692 2023 793 2081 declivi
813 2023 928 2099 fastigio
950 2023 1064 2080 duobus
1085 2021 1122 2078 ab
1140 2021 1181 2078 la-

191 2123 298 2181 teribus
326 2123 515 2179 muniebatur.
558 2121 604 2179 Ibi
627 2121 790 2196 legionibus
815 2121 960 2179 instructis
986 2120 1023 2178 ad
1048 2117 1182 2176 ultimum

149 2243 179 2278 20
192 2221 292 2296 iugum
309 2221 438 2295 pervenit
457 2219 607 2296 aciemque
628 2237 664 2277 eo
679 2220 745 2276 loco
765 2219 919 2288 constituit,
939 2217 1017 2276 unde
1034 2225 1181 2275 tormento

192 2319 353 2376 missatela
375 2321 406 2376 in
425 2317 552 2375 hostium
577 2332 687 2376 cuneos
709 2317 803 2374 conici
822 2326 953 2392 possent,
993 2319 1040 2374 15.
1062 2313 1183 2372 Barbari

193 2415 295 2473 confisi
319 2414 375 2472 loci
399 2423 500 2472 natura
525 2430 591 2471 cum
617 2414 753 2471 dimicare
778 2431 838 2471 non
861 2421 1034 2482 recusarent,
1060 2411 1084 2468 si
1108 2409 1182 2468 forte

193 2512 320 2569 Romani
335 2512 429 2569 subire
445 2511 549 2569 collem
564 2520 744 2580 conarentur,
755 2511 892 2586 paulatim
903 2512 1003 2586 copias
1017 2509 1182 2569 distributas

194 2610 336 2668 dimittere
357 2627 418 2666 non
441 2618 569 2684 possent,
594 2623 631 2666 ne
657 2609 778 2685 dispersi
802 2611 1041 2684 perturbarentur,
1066 2609 1096 2664 in
1120 2606 1182 2664 acie

150 2729 180 2778 ²5
194 2716 421 2783 permanserunt.
464 2705 597 2776 Quorum
621 2706 783 2781 pertinacia*
805 2707 921 2782 cognita
948 2707 1056 2766 Caesar
1082 2705 1183 2781 viginti

195 2804 361 2862 cohortibus
382 2804 526 2862 instructis
543 2805 700 2878 castrisque
718 2821 755 2861 eo
770 2804 836 2862 loco
851 2804 966 2862 metatis
985 2803 1089 2861 muniri
1103 2803 1183 2860 iubet

195 2911 295 2960 castra.
338 2902 487 2960 Absolutis
515 2902 651 2976 operibus
684 2917 737 2977 pro
765 2901 838 2958 vallo
868 2901 997 2976 legiones
1031 2901 1184 2958 instructas

196 2999 326 3068 collocat,
346 3001 457 3076 equites
477 2999 594 3057 frenatis
613 3001 695 3075 equis
715 2999 745 3056 in
769 2999 891 3056 statione
909 2999 1045 3074 disponit.
1087 2997 1183 3056 Bello-

195 3098 266 3168 vaci,
281 3117 348 3156 curn
363 3097 516 3156 Romanos
535 3097 573 3154 ad
587 3096 798 3172 insequendum
812 3104 930 3170 paratos
944 3096 1073 3155 viderent
1087 3114 1184 3172 neque

150 3215 183 3262 30
195 3206 365 3271 pernoctare
384 3205 433 3252 aut
451 3195 555 3253 (bertius
577 3211 746 3269 permanere
766 3193 827 3251 sine
847 3195 975 3270 periculo
995 3194 1099 3253 eodem
1116 3194 1183 3252 loco

196 3303 325 3367 possent,
342 3293 398 3351 tale
418 3292 570 3350 consilium
589 3291 633 3348 sui
652 3290 809 3366 recipiendi
828 3301 973 3366 ceperunt.
1014 3291 1129 3362 Fasces,
1150 3300 1184 3348 ut

196 3398 404 3448 consueverant
434 3390 572 3464 (namque
600 3387 630 3444 in
658 3388 719 3445 acie
752 3389 851 3446 sedere
879 3387 981 3447 Gallos
1014 3405 1180 3458 consuesse,

197 3485 390 3560 superioribus
419 3484 632 3543 commentariis
665 3483 796 3544 Caesaris
830 3484 1006 3544 declaratum
1040 3481 1096 3562 est)
1131 3501 1184 3560 per
