2606 3934
193 203 235 272 54
532 207 561 256 0.
583 209 600 255 Ι
602 207 678 255 ULII
699 207 872 257 CAESARIS
1129 213 1170 258 111

193 371 349 431 maioribus
367 381 545 447 acceperant,
560 393 728 450 permanere
742 393 831 451 quam
845 374 1046 432 Romanomm
1066 373 1181 431 servitu-

193 479 253 525 tem
267 468 390 544 perferre
410 470 535 528 mallent.
578 470 667 530 Omni
681 490 733 530 ora
748 473 892 530 maritima
903 471 1030 529 celeriter
1044 471 1081 529 ad
1099 488 1180 528 suam

192 567 364 624 sententiam
382 568 521 643 perducta
537 585 724 627 communem
744 570 918 646 legationem
938 567 975 626 ad
993 567 1025 627 P.
1043 567 1181 626 Crassum

192 663 316 733 mittunt,
327 663 351 722 si
362 664 428 721 velit
439 682 506 722 suos
516 666 651 740 recipere,
662 666 778 724 obsides
792 667 847 725 sibi
857 667 987 723 remittat.
1022 672 1053 724 9.
1067 663 1181 734 Quibus

166 761 230 822 5de
247 762 334 819 rebus
353 761 461 820 Caesar
478 763 515 820 ab
536 761 642 820 Crasso
662 764 767 822 certior
785 763 886 835 sactus,
906 762 987 838 quod
1004 763 1067 838 ipse
1085 763 1182 819 aberat

190 857 316 933 longius,
341 877 427 917 naves
451 859 565 916 interim
585 859 689 934 longas
712 859 855 918 aedificari
876 861 906 918 in
929 859 1046 917 flumine
1068 857 1181 933 Ligere,

192 953 274 1029 quod
286 953 378 1013 influit
391 956 421 1012 in
432 954 591 1027 Oceanum,
605 958 729 1032 remiges
743 976 779 1015 ex
790 957 938 1033 provincia
948 957 1066 1027 institui,
1080 966 1182 1013 nautas

192 1053 454 1128 gubernatoresque
479 1055 641 1130 comparari
665 1055 751 1112 iubet.
794 1054 850 1113 His
873 1056 959 1114 rebus
984 1054 1112 1113 celeriter
1133 1053 1182 1110 ad-

193 1149 357 1208 ministratis
378 1150 448 1225 ipse,
468 1169 535 1209 cum
558 1151 684 1226 primum
711 1169 763 1227 per
789 1152 858 1210 anni
881 1162 996 1227 tempus
1023 1150 1126 1226 potuit,
1145 1151 1184 1208 ad

152 1250 347 1308 mexercitum
362 1251 518 1308 contendit.
560 1250 665 1310 Veneti
685 1249 868 1328 reliquaeque
888 1253 957 1310 item
972 1252 1098 1310 civitates
1113 1269 1183 1326 cog·

115 1391 118 1402 .
193 1346 254 1404 nito
276 1346 408 1405 Caesaris
429 1348 555 1406 adventu
576 1349 711 1407 certiores
734 1349 810 1419 facti,
829 1349 913 1406 simul
934 1349 1022 1425 quod,
1044 1358 1184 1424 quantum

192 1445 223 1501 in
236 1463 268 1503 se
282 1444 393 1504 facinus
407 1446 600 1517 admisissent,
615 1445 826 1522 intellegebant,
840 1446 960 1521 legatos,
981 1446 1060 1521 quod
1075 1463 1185 1503 nomen
1202 1477 1205 1481 ·

193 1543 231 1601 ad
252 1560 356 1600 omnes
376 1544 509 1602 nationes
527 1555 666 1614 ⁴sanctum
689 1545 914 1620 inviolatumque
938 1563 1053 1620 semper
1075 1544 1184 1614 fuisset,

193 1649 322 1698 retentos
336 1640 373 1698 ab
392 1658 424 1698 se
438 1650 466 1698 et
479 1641 510 1698 in
523 1641 636 1698 vincula
650 1641 805 1711 coniectos,
819 1659 873 1716 pro
892 1642 1091 1717 magnitudine
1110 1642 1186 1717 peri·

151 1753 180 1802 15
194 1737 250 1794 culi
263 1737 370 1795 bellum
387 1756 489 1813 parare
502 1748 531 1796 et
544 1739 671 1795 maxime
685 1757 728 1809 ea,
743 1757 817 1814 quae
832 1739 869 1796 ad
883 1757 968 1797 usum
986 1739 1101 1796 navium
1118 1757 1186 1815 per-

193 1835 293 1904 tinent,
313 1835 462 1910 providere
482 1836 640 1906 instituunt,
661 1836 719 1893 hoc
743 1836 852 1894 maiore
877 1854 937 1912 spe,
961 1835 1040 1911 quod
1061 1836 1187 1893 multum

193 1942 295 1990 natura
328 1931 385 1991 loci
419 1932 612 1991 confidebant.
662 1932 808 1991 Pedestria
840 1951 905 1991 esse
935 1934 1035 1991 itinera
1068 1934 1189 1992 concisa

194 2030 350 2100 aestuariis,
369 2031 582 2106 navigationem
596 2031 764 2106 impeditam
779 2041 896 2107 propter
910 2031 1091 2089 inscientiam
1106 2031 1189 2089 loeo·

193 2147 256 2186 rum
270 2129 502 2204 paucitatemque
514 2139 649 2204 portuum
659 2130 798 2199 sciebant,
807 2146 903 2204 neque
912 2138 1028 2186 nostros
1042 2128 1189 2186 exercitus

152 2246 182 2280 ιο
194 2235 312 2301 propter
328 2225 463 2284 frumenti
477 2227 607 2301 inopiam
622 2227 727 2284 diutius
742 2226 819 2302 apud
837 2244 868 2284 se
887 2227 994 2283 morari
1013 2244 1101 2301 posse
1116 2243 1191 2284 con-

194 2323 340 2381 fidebant:
369 2341 403 2380 ac
431 2324 490 2380 iam
511 2335 543 2382 ut
570 2325 669 2382 omnia
693 2333 794 2382 contra
818 2324 987 2398 opinionem
1014 2323 1191 2395 acciderent,

194 2430 293 2478 tamen
315 2438 346 2478 se
368 2421 522 2495 plurimum
542 2422 664 2479 navibus
688 2439 784 2496 posse,
808 2421 960 2478 Romanos
985 2439 1078 2496 neque
1100 2420 1193 2478 ullam

109 2542 111 2546 ·
194 2518 358 2576 facultatem
377 2517 482 2576 habere
503 2519 618 2576 navium
632 2537 728 2593 neque
746 2535 847 2575 eorum
860 2517 999 2588 locorum,
1018 2519 1068 2574 ubi
1081 2517 1194 2574 bellum

195 2616 303 2690 gesturi
316 2624 421 2684 essent,
436 2615 517 2687 vada,
534 2626 644 2692 portus,
663 2616 771 2674 insulas
790 2616 922 2687 novisse;
944 2633 979 2673 ac
998 2615 1086 2689 longe
1103 2614 1195 2671 aliam

152 2730 182 2779 25
196 2729 260 2770 esse
275 2712 487 2787 navigationem
501 2714 532 2770 in
546 2713 685 2772 concluso
699 2715 771 2770 mari
785 2723 871 2788 atque
886 2715 916 2769 in
925 2713 1087 2770 vastissimo
1103 2721 1196 2787 atque

196 2812 375 2888 apertissimo
387 2810 506 2870 Oceano
518 2813 737 2887 perspiciebant.
774 2810 831 2868 His
846 2811 923 2869 initis
938 2810 1064 2868 consiliis
1079 2809 1198 2885 oppida

196 2909 337 2981 muniunt,
352 2909 495 2966 frumenta
514 2927 551 2966 ex
565 2909 640 2983 agris
660 2909 690 2965 in
707 2908 818 2983 oppida
839 2917 1031 2984 comportant,
1047 2925 1136 2965 naves
1160 2907 1199 2965 in

196 3008 358 3077 Venetiam,
377 3005 597 3086 ubitCaesarem
611 3007 737 3082 primum
755 3024 819 3064 esse
833 3007 940 3064 bellum
956 3016 1105 3081 gesturum
1120 3023 1200 3063 eon-

198 3107 298 3174 stabat,
321 3122 409 3180 quam
430 3104 567 3179 plurimas
588 3113 719 3179 possunt,
742 3113 859 3178 cogunt.
902 3102 1005 3160 Socios
1026 3103 1080 3160 sibi
1102 3102 1140 3160 ad
1163 3104 1202 3161 id

155 3223 186 3270 30
198 3203 304 3260 bellurn
318 3201 461 3270 Osismos,
480 3201 633 3270 Lexovios,
654 3199 823 3270 Namnetes,
848 3200 1027 3269 Ambiliatos,
1048 3199 1203 3279 Morinos

197 3300 367 3368 Diablintes,
386 3297 539 3373 Menapios
558 3298 739 3369 adsciscunt3
762 3297 867 3354 auxilia
887 3315 924 3354 ex
943 3296 1099 3366 Britannia,
1117 3314 1205 3371 quae

200 3406 370 3458 contraeas
393 3395 526 3468 regiones
553 3396 649 3470 posita
676 3403 728 3464 est,
756 3403 912 3452 arcessunt.
953 3399 1001 3452 10.
1025 3394 1116 3450 Erant
1138 3393 1206 3453 hae

201 3492 378 3554 difficultates
396 3492 462 3550 belli
475 3492 603 3568 gerendi,
622 3509 694 3567 quas
715 3508 801 3570 supra
823 3490 1011 3564 ostendimus,
1031 3489 1084 3549 sed
1102 3490 1207 3550 multa
