2652 3928
155 226 292 312 23-26.
380 243 425 289 ne
448 243 555 290 sarto
579 239 727 290 cantico
750 241 859 288 cornu.
886 241 964 292 vm.
1087 243 1148 312 195

154 391 221 448 satis
236 390 333 470 firmas
349 389 420 450 duas
433 390 562 467 legiones
577 390 683 449 habere
699 390 887 449 existimabat.
930 388 966 448 T.
981 387 1145 447 Labienum
1203 403 1205 406 ·

154 489 192 547 ad
213 507 244 548 se
265 499 381 562 evocat;
405 490 552 566 legionem
574 499 670 548 autem
692 509 738 561 xv,
761 508 836 566 quae
859 508 925 548 cum
946 507 983 548 eo
1004 489 1095 548 iuerat
1115 490 1145 546 in

154 585 287 657 hibernis,
316 586 347 644 in
377 597 508 663 togatam
540 585 663 647 Galliam
694 585 780 645 mittit
811 585 848 646 ad
880 587 1009 646 colonias
1041 587 1145 644 civium

104 747 107 754 Ι
154 682 356 743 Romanorum
380 685 511 756 tuendas,
536 703 573 742 ne
601 685 681 761 quod
708 682 800 744 simile
828 685 1048 743 incommodum
1073 685 1146 742 acci-

154 783 233 841 deret
254 783 424 842 decursione
445 783 643 852 barbarorum,
665 799 699 840 ae
721 783 868 858 superiore
891 792 998 840 aestate
1019 781 1174 858 Terges·5

154 881 220 939 tinis
257 880 408 952 acciderat,
444 881 494 956 qui
531 881 683 956 repentino
721 877 871 938 latrocinio
911 890 1006 957 atque‘
1037 881 1146 956 impetu

155 995 254 1036 eorum
268 990 347 1037 erant
361 979 503 1054 oppressi.
545 978 613 1054 Ipse
632 977 670 1036 ad
688 977 845 1036 vastandos
866 978 1146 1054 depopulandosque

153 1075 227 1134 fines
254 1075 432 1152 Ambiorigis
460 1075 665 1153 proficiscitur;
698 1093 785 1151 quem
813 1077 993 1151 perterritum
1018 1094 1051 1133 ac
1073 1075 1145 1150 fugi·
1184 1146 1186 1154 y

154 1183 251 1231 entem
273 1192 340 1232 cum
367 1173 459 1250 redigi
481 1191 569 1250 posse
597 1171 627 1230 in
652 1191 734 1231 suam
758 1183 931 1249 potestatem
956 1173 1145 1249 desperasset,

154 1272 317 1348 proximum
336 1289 415 1330 suae
449 1271 595 1346 dignitatis
623 1289 686 1330 esse
715 1272 846 1343 ducebat,
875 1273 950 1330 adeo
979 1272 1053 1331 fines
1085 1273 1193 1330 eius10

153 1382 264 1430 vastare
296 1371 414 1442 civibus
443 1371 590 1442 aedificiis
619 1389 733 1446 pecore,
762 1380 793 1428 ut
824 1371 893 1428 odio
924 1388 1042 1429 suorum
1074 1370 1145 1427 Arn-

153 1469 254 1539 biorix,
283 1469 307 1526 si
335 1485 410 1542 quos
437 1467 552 1526 fortuna
580 1469 706 1544 reliquos
734 1467 856 1540 lecisset,
885 1468 995 1526 nullum
1022 1467 1146 1525 reditum

153 1577 271 1642 propter
291 1575 385 1624 tantas
407 1566 585 1624 calamitates
605 1566 724 1624 haberet
748 1567 779 1624 in
800 1567 952 1624 civitatem.
996 1572 1046 1625 25.
1071 1565 1146 1624 Cum

154 1665 184 1720 in
204 1681 308 1722 omnes
329 1671 424 1738 partes
444 1663 544 1721 finium
565 1663 742 1739 Ambiorigis
753 1675 801 1722 aut
822 1665 952 1740 legiones
973 1675 1021 1722 aut
1043 1663 1147 1722 auxilia

153 1761 308 1820 dimisisset
326 1770 413 1836 atque
428 1761 527 1819 omnia
546 1761 691 1831 caedibus
706 1762 856 1833 incendiis,
871 1763 979 1838 rapinis
998 1769 1146 1831 vastasset,
1164 1776 1190 1822 ¹5

154 1877 262 1934 magno
287 1875 409 1916 numero
437 1857 588 1916 hominum
616 1859 767 1917 interfecto
796 1870 845 1917 aut
869 1869 955 1936 capto
983 1859 1146 1918 Labienum

153 1975 221 2014 cum
243 1957 355 2014 duabus
376 1956 539 2032 legionibus
561 1957 591 2013 in
613 1955 757 2015 Treveros
779 1957 879 2028 mittit;
906 1975 1029 2033 quorum
1049 1958 1146 2016 civitas

154 2065 271 2134 propter
299 2054 474 2113 Germaniae
501 2055 675 2113 vicinitatem
704 2054 856 2112 cotidianis
884 2055 1038 2114 exercitata
1065 2055 1146 2113 bellis

154 2153 231 2212 cultu
253 2163 281 2211 et
301 2151 411 2210 feritate
432 2169 493 2210 non
514 2151 637 2210 multum
662 2170 680 2208 a
701 2150 855 2210 Germanis
881 2152 1030 2212 differebat
1051 2171 1145 2229 neque

153 2253 293 2328 imperata
313 2267 453 2326 umquam
474 2249 528 2307 nisi
549 2249 676 2307 exercitu
697 2259 798 2307 coacta
819 2249 950 2308 faciebat.
1160 2273 1190 2306 20

195 2355 246 2408 26.
267 2347 386 2406 Interim
407 2345 498 2406 Gaius
513 2345 652 2406 Caninius
671 2346 792 2422 legatae,
807 2365 873 2405 cum
892 2365 1031 2423 magnam
1049 2347 1145 2406 multi·

153 2447 285 2505 tudinem
318 2446 490 2504 convenisse
525 2445 653 2504 hostium
687 2445 717 2502 in
752 2444 825 2503 fines
859 2445 1012 2503 Pictonum
1045 2445 1144 2506 litteris

152 2545 317 2620 nuntiisque
351 2543 453 2601 Durati
482 2551 679 2618 cognosceret,
708 2543 758 2618 qui
786 2553 927 2618 perpetuo
958 2543 991 2600 in
1020 2544 1145 2602 amicitia

152 2652 299 2700 manserat
327 2641 537 2713 Romanorum,
567 2660 634 2700 cum
665 2660 732 2719 pars
765 2641 908 2718 quaedam
937 2642 1054 2701 civitatis
1082 2645 1144 2702 eius

152 2741 313 2811 defecisset,
342 2740 380 2798 ad
407 2739 549 2816 oppidum
581 2739 746 2798 Lemonum
777 2740 934 2799 contendit.
978 2739 1047 2812 Quo
1076 2759 1144 2800 cum
1159 2764 1187 2814 ²5

152 2838 319 2896 adventaret
354 2847 440 2914 atque
471 2855 508 2896 ex
539 2837 656 2913 captivis
688 2837 792 2896 certius
824 2847 1013 2912 cognosceret
1047 2839 1143 2896 multis

151 2936 303 2994 hominum
335 2937 449 2995 milibus
481 2954 498 2994 a
529 2935 692 3000 Dumnaco,
722 2935 795 2993 duce
823 2935 961 3006 Andium,
990 2936 1143 2994 Duratium

151 3033 281 3092 clausum
306 3031 429 3091 Lemoni
454 3033 617 3110 oppugnari
641 3051 735 3109 neque
763 3033 891 3092 infirmas
917 3034 1046 3109 legiones
1074 3034 1142 3093 hos·

150 3133 227 3191 tibus
265 3132 444 3190 committere
482 3131 609 3201 auderet,
648 3142 741 3189 castra
778 3132 876 3207 posuit
914 3131 981 3190 loce
1020 3133 1140 3191 munito.

149 3227 328 3300 Dumnacus,
347 3247 414 3287 cum
433 3229 668 3306 appropinquare
688 3228 843 3287 Caninium
863 3239 1028 3304 cognosset,
1048 3230 1140 3305 copiis
1154 3257 1185 3306 30

150 3327 287 3386 omnibus
307 3326 356 3400 ad¹
368 3326 497 3402 legiones
519 3327 667 3386 conversis
688 3337 781 3386 castra
803 3327 1005 3386 Romanorum
1025 3318 1140 3404 oppug-

148 3443 218 3494 nare
258 3425 387 3484 instituit.
444 3424 519 3483 Cum
554 3425 717 3500 complures
756 3425 817 3483 dies
857 3425 887 3482 in
921 3426 1140 3501 oppugnatione

148 3521 377 3597 consumpsisset
396 3532 423 3581 et
442 3539 551 3597 magno
571 3540 689 3581 suorum
709 3522 881 3581 detrimento
900 3523 1008 3582 nullam
1027 3534 1139 3600 partem

148 3619 342 3680 munitionum
372 3619 533 3686 convellere
567 3621 716 3697 potuisset,
749 3638 846 3680 rursus
877 3620 915 3685 ad
945 3620 1141 3682 obsidendum

669 3731 719 3774 02
