<?xml version="1.0" encoding="UTF-8"?>
<!DOCTYPE html PUBLIC "-//W3C//DTD XHTML 1.0 Transitional//EN"
    "http://www.w3.org/TR/xhtml1/DTD/xhtml1-transitional.dtd">
<html xmlns="http://www.w3.org/1999/xhtml" xml:lang="en" lang="en">
 <head>
  <title>
</title>
<meta http-equiv="Content-Type" content="text/html;charset=utf-8" />
  <meta name='ocr-system' content='tesseract 3.04.00' />
  <meta name='ocr-capabilities' content='ocr_page ocr_carea ocr_par ocr_line ocrx_word'/>
</head>
<body>
  <div class='ocr_page' id='page_1' title='image "./commentariescju01caesgoog_0044.png"; bbox 0 0 2606 3934; ppageno 0'>
   <div class='ocr_carea' id='block_1_1' title="bbox 118 236 1105 313">
    <p class='ocr_par' dir='ltr' id='par_1_1' title="bbox 118 236 1105 313">
     <span class='ocr_line' id='line_1_1' title="bbox 118 236 1105 313; baseline -0.002 -24"><span class='ocrx_word' id='word_1_1' title='bbox 118 245 254 313; x_wconf 83' lang='lat'>31-33.</span> <span class='ocrx_word' id='word_1_2' title='bbox 358 240 404 287; x_wconf 80' lang='lat' dir='ltr'>nn</span> <span class='ocrx_word' id='word_1_3' title='bbox 425 236 713 290; x_wconf 65' lang='lat' dir='ltr'>anatocismo·</span> <span class='ocrx_word' id='word_1_4' title='bbox 732 236 843 290; x_wconf 79' lang='lat' dir='ltr'>eoum</span> <span class='ocrx_word' id='word_1_5' title='bbox 865 242 890 292; x_wconf 89' lang='lat' dir='ltr'>r.</span> <span class='ocrx_word' id='word_1_6' title='bbox 1066 243 1105 309; x_wconf 87' lang='lat'>19</span> 
     </span>
    </p>
   </div>
   <div class='ocr_carea' id='block_1_2' title="bbox 114 381 1177 3665">
    <p class='ocr_par' dir='ltr' id='par_1_2' title="bbox 114 381 1177 2608">
     <span class='ocr_line' id='line_1_2' title="bbox 118 381 1105 467; baseline -0.001 -22"><span class='ocrx_word' id='word_1_7' title='bbox 118 389 220 458; x_wconf 89' lang='lat' dir='ltr'>manis,</span> <span class='ocrx_word' id='word_1_8' title='bbox 246 396 345 464; x_wconf 89' lang='lat' dir='ltr'>petant</span> <span class='ocrx_word' id='word_1_9' title='bbox 376 387 588 465; x_wconf 88' lang='lat' dir='ltr'>fortunamque,</span> <span class='ocrx_word' id='word_1_10' title='bbox 616 405 816 467; x_wconf 89' lang='lat' dir='ltr'>quaecumque</span> <span class='ocrx_word' id='word_1_11' title='bbox 848 383 966 460; x_wconf 83' lang='lat' dir='ltr'>accidat,</span> <span class='ocrx_word' id='word_1_12' title='bbox 995 381 1105 464; x_wconf 81' lang='lat' dir='ltr'>experi-</span> 
     </span>
     <span class='ocr_line' id='line_1_3' title="bbox 114 485 1104 557; baseline -0.001 -14"><span class='ocrx_word' id='word_1_13' title='bbox 114 494 208 544; x_wconf 86' lang='lat' dir='ltr'>antur.</span> <span class='ocrx_word' id='word_1_14' title='bbox 250 485 334 544; x_wconf 91' lang='lat' dir='ltr'>Haec</span> <span class='ocrx_word' id='word_1_15' title='bbox 367 486 392 544; x_wconf 92' lang='lat' dir='ltr'>si</span> <span class='ocrx_word' id='word_1_16' title='bbox 422 486 570 544; x_wconf 88' lang='lat' dir='ltr'>enuntiata</span> <span class='ocrx_word' id='word_1_17' title='bbox 601 485 746 545; x_wconf 83' lang='lat' dir='ltr'>Ariovisto</span> <span class='ocrx_word' id='word_1_18' title='bbox 779 489 844 557; x_wconf 90' lang='lat' dir='ltr'>sint,</span> <span class='ocrx_word' id='word_1_19' title='bbox 873 504 934 546; x_wconf 92' lang='lat' dir='ltr'>non</span> <span class='ocrx_word' id='word_1_20' title='bbox 966 485 1104 555; x_wconf 87' lang='lat' dir='ltr'>dubitare,</span> 
     </span>
     <span class='ocr_line' id='line_1_4' title="bbox 120 579 1105 661; baseline -0.002 -21"><span class='ocrx_word' id='word_1_21' title='bbox 120 583 187 658; x_wconf 92' lang='lat' dir='ltr'>quin</span> <span class='ocrx_word' id='word_1_22' title='bbox 206 581 242 641; x_wconf 92' lang='lat' dir='ltr'>de</span> <span class='ocrx_word' id='word_1_23' title='bbox 259 585 394 641; x_wconf 91' lang='lat' dir='ltr'>omnibus</span> <span class='ocrx_word' id='word_1_24' title='bbox 409 583 568 654; x_wconf 69' lang='lat' dir='ltr'>obsidibus</span> <span class='ocrx_word' id='word_1_25' title='bbox 584 583 632 657; x_wconf 94' lang='lat' dir='ltr'>qui</span> <span class='ocrx_word' id='word_1_26' title='bbox 652 579 730 661; x_wconf 90' lang='lat' dir='ltr'>apud</span> <span class='ocrx_word' id='word_1_27' title='bbox 744 603 812 642; x_wconf 91' lang='lat' dir='ltr'>eum</span> <span class='ocrx_word' id='word_1_28' title='bbox 826 585 889 655; x_wconf 92' lang='lat' dir='ltr'>sint,</span> <span class='ocrx_word' id='word_1_29' title='bbox 905 583 1105 658; x_wconf 83' lang='lat' dir='ltr'>gravissimum</span> 
     </span>
     <span class='ocr_line' id='line_1_5' title="bbox 119 679 1105 755; baseline -0.001 -18"><span class='ocrx_word' id='word_1_30' title='bbox 119 679 290 755; x_wconf 88' lang='lat' dir='ltr'>supplicium</span> <span class='ocrx_word' id='word_1_31' title='bbox 318 689 420 739; x_wconf 90' lang='lat' dir='ltr'>sumat.</span> <span class='ocrx_word' id='word_1_32' title='bbox 477 679 632 738; x_wconf 84' lang='lat' dir='ltr'>Caesarem</span> <span class='ocrx_word' id='word_1_33' title='bbox 658 681 703 738; x_wconf 88' lang='lat' dir='ltr'>vel</span> <span class='ocrx_word' id='word_1_34' title='bbox 734 681 901 740; x_wconf 88' lang='lat' dir='ltr'>auctoritate</span> <span class='ocrx_word' id='word_1_35' title='bbox 935 695 987 747; x_wconf 86' lang='lat' dir='ltr'>sua</span> <span class='ocrx_word' id='word_1_36' title='bbox 1019 689 1105 754; x_wconf 89' lang='lat' dir='ltr'>atque</span> 
     </span>
     <span class='ocr_line' id='line_1_6' title="bbox 119 777 1132 854; baseline 0.004 -20"><span class='ocrx_word' id='word_1_37' title='bbox 119 778 258 836; x_wconf 85' lang='lat' dir='ltr'>exercitus</span> <span class='ocrx_word' id='word_1_38' title='bbox 286 779 332 836; x_wconf 89' lang='lat' dir='ltr'>vel</span> <span class='ocrx_word' id='word_1_39' title='bbox 349 777 468 836; x_wconf 73' lang='lat' dir='ltr'>‘recenti</span> <span class='ocrx_word' id='word_1_40' title='bbox 495 777 612 835; x_wconf 91' lang='lat' dir='ltr'>victoria</span> <span class='ocrx_word' id='word_1_41' title='bbox 637 778 680 836; x_wconf 94' lang='lat' dir='ltr'>vel</span> <span class='ocrx_word' id='word_1_42' title='bbox 708 779 827 837; x_wconf 91' lang='lat' dir='ltr'>nomine</span> <span class='ocrx_word' id='word_1_43' title='bbox 855 779 955 854; x_wconf 92' lang='lat' dir='ltr'>populi</span> <span class='ocrx_word' id='word_1_44' title='bbox 976 777 1132 838; x_wconf 90' lang='lat' dir='ltr'>Romani5</span> 
     </span>
     <span class='ocr_line' id='line_1_7' title="bbox 118 874 1150 951; baseline -0.004 -19"><span class='ocrx_word' id='word_1_45' title='bbox 118 875 257 933; x_wconf 88' lang='lat' dir='ltr'>deterrere</span> <span class='ocrx_word' id='word_1_46' title='bbox 276 893 373 951; x_wconf 91' lang='lat' dir='ltr'>posse,</span> <span class='ocrx_word' id='word_1_47' title='bbox 393 893 430 932; x_wconf 91' lang='lat' dir='ltr'>ne</span> <span class='ocrx_word' id='word_1_48' title='bbox 447 875 540 932; x_wconf 90' lang='lat' dir='ltr'>maior</span> <span class='ocrx_word' id='word_1_49' title='bbox 560 875 712 934; x_wconf 83' lang='lat' dir='ltr'>multitudo</span> <span class='ocrx_word' id='word_1_50' title='bbox 735 874 947 935; x_wconf 90' lang='lat' dir='ltr'>Germanorum</span> <span class='ocrx_word' id='word_1_51' title='bbox 968 875 1105 933; x_wconf 89' lang='lat' dir='ltr'>Rhenum</span> <span class='ocrx_word' id='word_1_52' title='bbox 1149 920 1150 928; x_wconf 73' lang='grc'>,</span> 
     </span>
     <span class='ocr_line' id='line_1_8' title="bbox 117 973 1104 1050; baseline -0.001 -18"><span class='ocrx_word' id='word_1_53' title='bbox 117 973 288 1044; x_wconf 87' lang='lat' dir='ltr'>traducatur,</span> <span class='ocrx_word' id='word_1_54' title='bbox 312 973 495 1048; x_wconf 83' lang='lat' dir='ltr'>Galliamque</span> <span class='ocrx_word' id='word_1_55' title='bbox 522 991 642 1032; x_wconf 92' lang='lat' dir='ltr'>omnem</span> <span class='ocrx_word' id='word_1_56' title='bbox 667 975 704 1032; x_wconf 89' lang='lat' dir='ltr'>ab</span> <span class='ocrx_word' id='word_1_57' title='bbox 724 975 859 1033; x_wconf 86' lang='lat' dir='ltr'>Ariovisti</span> <span class='ocrx_word' id='word_1_58' title='bbox 888 975 990 1032; x_wconf 91' lang='lat' dir='ltr'>iniuria</span> <span class='ocrx_word' id='word_1_59' title='bbox 1017 992 1104 1050; x_wconf 87' lang='lat' dir='ltr'>posse</span> 
     </span>
     <span class='ocr_line' id='line_1_9' title="bbox 119 1070 1105 1140; baseline -0.001 -11"><span class='ocrx_word' id='word_1_60' title='bbox 119 1070 281 1129; x_wconf 85' lang='lat' dir='ltr'>defendere.</span> <span class='ocrx_word' id='word_1_61' title='bbox 323 1077 374 1130; x_wconf 83' lang='lat'>32.</span> <span class='ocrx_word' id='word_1_62' title='bbox 403 1070 470 1128; x_wconf 89' lang='lat' dir='ltr'>Hac</span> <span class='ocrx_word' id='word_1_63' title='bbox 503 1071 633 1129; x_wconf 90' lang='lat' dir='ltr'>oratione</span> <span class='ocrx_word' id='word_1_64' title='bbox 654 1073 691 1129; x_wconf 92' lang='lat' dir='ltr'>ab</span> <span class='ocrx_word' id='word_1_65' title='bbox 711 1071 853 1130; x_wconf 90' lang='lat' dir='ltr'>Divitiaco</span> <span class='ocrx_word' id='word_1_66' title='bbox 875 1072 973 1130; x_wconf 92' lang='lat' dir='ltr'>habita</span> <span class='ocrx_word' id='word_1_67' title='bbox 993 1089 1105 1140; x_wconf 73' lang='lat' dir='ltr'>omnes</span> 
     </span>
     <span class='ocr_line' id='line_1_10' title="bbox 118 1167 1105 1245; baseline 0.001 -20"><span class='ocrx_word' id='word_1_68' title='bbox 118 1169 167 1243; x_wconf 93' lang='lat' dir='ltr'>qui</span> <span class='ocrx_word' id='word_1_69' title='bbox 186 1168 314 1234; x_wconf 85' lang='lat' dir='ltr'>aderant,</span> <span class='ocrx_word' id='word_1_70' title='bbox 329 1186 437 1243; x_wconf 86' lang='lat' dir='ltr'>magno</span> <span class='ocrx_word' id='word_1_71' title='bbox 457 1167 526 1226; x_wconf 90' lang='lat' dir='ltr'>fletu</span> <span class='ocrx_word' id='word_1_72' title='bbox 545 1169 681 1226; x_wconf 87' lang='lat' dir='ltr'>auxilium</span> <span class='ocrx_word' id='word_1_73' title='bbox 702 1188 720 1227; x_wconf 90' lang='lat' dir='ltr'>a</span> <span class='ocrx_word' id='word_1_74' title='bbox 740 1169 865 1228; x_wconf 85' lang='lat' dir='ltr'>Caesare</span> <span class='ocrx_word' id='word_1_75' title='bbox 884 1179 981 1245; x_wconf 90' lang='lat' dir='ltr'>petere</span> <span class='ocrx_word' id='word_1_76' title='bbox 1000 1186 1105 1243; x_wconf 90' lang='lat' dir='ltr'>coepe-</span> 
     </span>
     <span class='ocr_line' id='line_1_11' title="bbox 117 1264 1150 1343; baseline -0.002 -19"><span class='ocrx_word' id='word_1_77' title='bbox 117 1275 190 1324; x_wconf 90' lang='lat' dir='ltr'>runt.</span> <span class='ocrx_word' id='word_1_78' title='bbox 246 1265 456 1326; x_wconf 88' lang='lat' dir='ltr'>Animadvertit</span> <span class='ocrx_word' id='word_1_79' title='bbox 484 1264 590 1324; x_wconf 89' lang='lat' dir='ltr'>Caesar</span> <span class='ocrx_word' id='word_1_80' title='bbox 619 1283 695 1324; x_wconf 92' lang='lat' dir='ltr'>unos</span> <span class='ocrx_word' id='word_1_81' title='bbox 723 1285 759 1324; x_wconf 84' lang='lat' dir='ltr'>ex</span> <span class='ocrx_word' id='word_1_82' title='bbox 787 1267 922 1325; x_wconf 90' lang='lat' dir='ltr'>omnibus</span> <span class='ocrx_word' id='word_1_83' title='bbox 954 1267 1106 1343; x_wconf 89' lang='lat' dir='ltr'>Sequanos</span> <span class='ocrx_word' id='word_1_84' title='bbox 1121 1287 1150 1322; x_wconf 88' lang='lat'>10</span> 
     </span>
     <span class='ocr_line' id='line_1_12' title="bbox 118 1361 1106 1438; baseline 0.001 -17"><span class='ocrx_word' id='word_1_85' title='bbox 118 1364 187 1421; x_wconf 87' lang='lat' dir='ltr'>nihil</span> <span class='ocrx_word' id='word_1_86' title='bbox 210 1382 309 1422; x_wconf 90' lang='lat' dir='ltr'>earum</span> <span class='ocrx_word' id='word_1_87' title='bbox 331 1382 427 1422; x_wconf 88' lang='lat' dir='ltr'>rerum</span> <span class='ocrx_word' id='word_1_88' title='bbox 448 1361 550 1432; x_wconf 89' lang='lat' dir='ltr'>facere,</span> <span class='ocrx_word' id='word_1_89' title='bbox 573 1381 645 1438; x_wconf 91' lang='lat' dir='ltr'>quas</span> <span class='ocrx_word' id='word_1_90' title='bbox 667 1364 753 1421; x_wconf 88' lang='lat' dir='ltr'>ceteri</span> <span class='ocrx_word' id='word_1_91' title='bbox 778 1363 914 1434; x_wconf 87' lang='lat' dir='ltr'>facerent,</span> <span class='ocrx_word' id='word_1_92' title='bbox 938 1364 991 1423; x_wconf 92' lang='lat' dir='ltr'>sed</span> <span class='ocrx_word' id='word_1_93' title='bbox 1012 1364 1106 1422; x_wconf 91' lang='lat' dir='ltr'>tristes</span> 
     </span>
     <span class='ocr_line' id='line_1_13' title="bbox 118 1459 1106 1538; baseline 0 -20"><span class='ocrx_word' id='word_1_94' title='bbox 118 1461 210 1535; x_wconf 89' lang='lat' dir='ltr'>capite</span> <span class='ocrx_word' id='word_1_95' title='bbox 232 1460 358 1518; x_wconf 90' lang='lat' dir='ltr'>demisso</span> <span class='ocrx_word' id='word_1_96' title='bbox 380 1469 485 1518; x_wconf 87' lang='lat' dir='ltr'>terram</span> <span class='ocrx_word' id='word_1_97' title='bbox 506 1459 614 1518; x_wconf 91' lang='lat' dir='ltr'>intueri.</span> <span class='ocrx_word' id='word_1_98' title='bbox 657 1459 727 1519; x_wconf 90' lang='lat' dir='ltr'>Eius</span> <span class='ocrx_word' id='word_1_99' title='bbox 748 1461 789 1518; x_wconf 89' lang='lat' dir='ltr'>rei</span> <span class='ocrx_word' id='word_1_100' title='bbox 810 1479 885 1538; x_wconf 90' lang='lat' dir='ltr'>quae</span> <span class='ocrx_word' id='word_1_101' title='bbox 906 1477 994 1520; x_wconf 87' lang='lat' dir='ltr'>causa</span> <span class='ocrx_word' id='word_1_102' title='bbox 1021 1470 1106 1530; x_wconf 89' lang='lat' dir='ltr'>esset,</span> 
     </span>
     <span class='ocr_line' id='line_1_14' title="bbox 118 1557 1107 1634; baseline 0.002 -20"><span class='ocrx_word' id='word_1_103' title='bbox 118 1557 236 1614; x_wconf 89' lang='lat' dir='ltr'>miratus</span> <span class='ocrx_word' id='word_1_104' title='bbox 257 1575 293 1615; x_wconf 88' lang='lat' dir='ltr'>ex</span> <span class='ocrx_word' id='word_1_105' title='bbox 314 1557 390 1632; x_wconf 91' lang='lat' dir='ltr'>ipsis·</span> <span class='ocrx_word' id='word_1_106' title='bbox 412 1557 541 1632; x_wconf 91' lang='lat' dir='ltr'>quaesiit.</span> <span class='ocrx_word' id='word_1_107' title='bbox 584 1557 663 1614; x_wconf 92' lang='lat' dir='ltr'>Nihil</span> <span class='ocrx_word' id='word_1_108' title='bbox 692 1558 818 1634; x_wconf 92' lang='lat' dir='ltr'>Sequani</span> <span class='ocrx_word' id='word_1_109' title='bbox 844 1559 1028 1634; x_wconf 89' lang='lat' dir='ltr'>respondere,</span> <span class='ocrx_word' id='word_1_110' title='bbox 1055 1559 1107 1616; x_wconf 87' lang='lat' dir='ltr'>sed</span> 
     </span>
     <span class='ocr_line' id='line_1_15' title="bbox 114 1645 1106 1732; baseline 0 -20"><span class='ocrx_word' id='word_1_111' title='bbox 114 1645 148 1712; x_wconf 67' lang='lat' dir='ltr'>&#39;in</span> <span class='ocrx_word' id='word_1_112' title='bbox 169 1656 271 1714; x_wconf 90' lang='lat' dir='ltr'>eadem</span> <span class='ocrx_word' id='word_1_113' title='bbox 291 1657 403 1714; x_wconf 88' lang='lat' dir='ltr'>tristitia</span> <span class='ocrx_word' id='word_1_114' title='bbox 429 1656 507 1714; x_wconf 88' lang='lat' dir='ltr'>taciti</span> <span class='ocrx_word' id='word_1_115' title='bbox 534 1675 713 1732; x_wconf 84' lang='lat' dir='ltr'>permanere.</span> <span class='ocrx_word' id='word_1_116' title='bbox 755 1655 831 1714; x_wconf 91' lang='lat' dir='ltr'>Cum</span> <span class='ocrx_word' id='word_1_117' title='bbox 854 1657 894 1714; x_wconf 86' lang='lat' dir='ltr'>ab</span> <span class='ocrx_word' id='word_1_118' title='bbox 918 1656 963 1714; x_wconf 90' lang='lat' dir='ltr'>his</span> <span class='ocrx_word' id='word_1_119' title='bbox 992 1657 1106 1732; x_wconf 90' lang='lat' dir='ltr'>saepius</span> 
     </span>
     <span class='ocr_line' id='line_1_16' title="bbox 118 1753 1149 1830; baseline 0.002 -20"><span class='ocrx_word' id='word_1_120' title='bbox 118 1763 267 1828; x_wconf 90' lang='lat' dir='ltr'>quaereret</span> <span class='ocrx_word' id='word_1_121' title='bbox 294 1771 389 1829; x_wconf 91' lang='lat' dir='ltr'>neque</span> <span class='ocrx_word' id='word_1_122' title='bbox 417 1753 505 1810; x_wconf 90' lang='lat' dir='ltr'>ullam</span> <span class='ocrx_word' id='word_1_123' title='bbox 532 1753 652 1811; x_wconf 89' lang='lat' dir='ltr'>omnino</span> <span class='ocrx_word' id='word_1_124' title='bbox 679 1773 782 1814; x_wconf 88' lang='lat' dir='ltr'>vocem</span> <span class='ocrx_word' id='word_1_125' title='bbox 810 1754 971 1830; x_wconf 86' lang='lat' dir='ltr'>exprimere</span> <span class='ocrx_word' id='word_1_126' title='bbox 997 1763 1106 1830; x_wconf 92' lang='lat' dir='ltr'>posset,</span> <span class='ocrx_word' id='word_1_127' title='bbox 1122 1778 1149 1828; x_wconf 87' lang='lat'>15</span> 
     </span>
     <span class='ocr_line' id='line_1_17' title="bbox 117 1849 1107 1927; baseline 0.002 -21"><span class='ocrx_word' id='word_1_128' title='bbox 117 1849 196 1908; x_wconf 91' lang='lat' dir='ltr'>idem</span> <span class='ocrx_word' id='word_1_129' title='bbox 220 1849 377 1909; x_wconf 91' lang='lat' dir='ltr'>Divitiacus</span> <span class='ocrx_word' id='word_1_130' title='bbox 400 1851 520 1910; x_wconf 89' lang='lat' dir='ltr'>Aeduus</span> <span class='ocrx_word' id='word_1_131' title='bbox 544 1852 711 1927; x_wconf 88' lang='lat' dir='ltr'>respondit:</span> <span class='ocrx_word' id='word_1_132' title='bbox 739 1852 809 1912; x_wconf 92' lang='lat' dir='ltr'>Hoc</span> <span class='ocrx_word' id='word_1_133' title='bbox 837 1871 901 1910; x_wconf 91' lang='lat' dir='ltr'>esse</span> <span class='ocrx_word' id='word_1_134' title='bbox 928 1852 1107 1911; x_wconf 90' lang='lat' dir='ltr'>miseriorem</span> 
     </span>
     <span class='ocr_line' id='line_1_18' title="bbox 118 1947 1108 2026; baseline 0 -20"><span class='ocrx_word' id='word_1_135' title='bbox 118 1957 148 2006; x_wconf 89' lang='lat' dir='ltr'>et</span> <span class='ocrx_word' id='word_1_136' title='bbox 165 1949 326 2022; x_wconf 86' lang='lat' dir='ltr'>graviorem</span> <span class='ocrx_word' id='word_1_137' title='bbox 347 1947 493 2006; x_wconf 85' lang='lat' dir='ltr'>fortunam</span> <span class='ocrx_word' id='word_1_138' title='bbox 511 1947 711 2023; x_wconf 92' lang='lat' dir='ltr'>Sequanorum</span> <span class='ocrx_word' id='word_1_139' title='bbox 726 1968 815 2026; x_wconf 90' lang='lat' dir='ltr'>quam</span> <span class='ocrx_word' id='word_1_140' title='bbox 828 1950 1012 2025; x_wconf 88' lang='lat' dir='ltr'>reliquorum,</span> <span class='ocrx_word' id='word_1_141' title='bbox 1027 1949 1108 2025; x_wconf 93' lang='lat' dir='ltr'>quod</span> 
     </span>
     <span class='ocr_line' id='line_1_19' title="bbox 118 2044 1177 2122; baseline 0.002 -20"><span class='ocrx_word' id='word_1_142' title='bbox 118 2044 173 2102; x_wconf 91' lang='lat' dir='ltr'>soli</span> <span class='ocrx_word' id='word_1_143' title='bbox 200 2062 238 2102; x_wconf 91' lang='lat' dir='ltr'>ne</span> <span class='ocrx_word' id='word_1_144' title='bbox 265 2045 296 2102; x_wconf 90' lang='lat' dir='ltr'>in</span> <span class='ocrx_word' id='word_1_145' title='bbox 323 2045 438 2102; x_wconf 91' lang='lat' dir='ltr'>occulto</span> <span class='ocrx_word' id='word_1_146' title='bbox 467 2045 585 2121; x_wconf 90' lang='lat' dir='ltr'>quidem</span> <span class='ocrx_word' id='word_1_147' title='bbox 612 2047 692 2122; x_wconf 89' lang='lat' dir='ltr'>queri</span> <span class='ocrx_word' id='word_1_148' title='bbox 719 2065 774 2104; x_wconf 92' lang='lat' dir='ltr'>nec</span> <span class='ocrx_word' id='word_1_149' title='bbox 794 2047 931 2104; x_wconf 89' lang='lat' dir='ltr'>auxilium</span> <span class='ocrx_word' id='word_1_150' title='bbox 954 2046 1107 2121; x_wconf 90' lang='lat' dir='ltr'>implorare</span> <span class='ocrx_word' id='word_1_151' title='bbox 1173 2047 1177 2058; x_wconf 86' lang='lat'>‘</span> 
     </span>
     <span class='ocr_line' id='line_1_20' title="bbox 118 2141 1107 2216; baseline 0 -16"><span class='ocrx_word' id='word_1_152' title='bbox 118 2142 259 2200; x_wconf 88' lang='lat' dir='ltr'>auderent</span> <span class='ocrx_word' id='word_1_153' title='bbox 283 2142 468 2216; x_wconf 91' lang='lat' dir='ltr'>absentisque</span> <span class='ocrx_word' id='word_1_154' title='bbox 488 2141 624 2200; x_wconf 90' lang='lat' dir='ltr'>Ariovisti</span> <span class='ocrx_word' id='word_1_155' title='bbox 646 2144 852 2214; x_wconf 85' lang='lat' dir='ltr'>crudelitatem,</span> <span class='ocrx_word' id='word_1_156' title='bbox 872 2142 948 2202; x_wconf 87' lang='lat' dir='ltr'>velut</span> <span class='ocrx_word' id='word_1_157' title='bbox 967 2144 991 2201; x_wconf 89' lang='lat' dir='ltr'>si</span> <span class='ocrx_word' id='word_1_158' title='bbox 1008 2161 1107 2201; x_wconf 87' lang='lat' dir='ltr'>coram</span> 
     </span>
     <span class='ocr_line' id='line_1_21' title="bbox 118 2238 1152 2317; baseline 0.004 -19"><span class='ocrx_word' id='word_1_159' title='bbox 118 2239 243 2310; x_wconf 87' lang='lat' dir='ltr'>adesset,</span> <span class='ocrx_word' id='word_1_160' title='bbox 270 2238 426 2309; x_wconf 88' lang='lat' dir='ltr'>horrerent,</span> <span class='ocrx_word' id='word_1_161' title='bbox 454 2247 614 2314; x_wconf 89' lang='lat' dir='ltr'>propterea,</span> <span class='ocrx_word' id='word_1_162' title='bbox 642 2240 723 2316; x_wconf 93' lang='lat' dir='ltr'>quod</span> <span class='ocrx_word' id='word_1_163' title='bbox 749 2241 865 2316; x_wconf 90' lang='lat' dir='ltr'>reliquis</span> <span class='ocrx_word' id='word_1_164' title='bbox 892 2249 991 2298; x_wconf 90' lang='lat' dir='ltr'>tamen</span> <span class='ocrx_word' id='word_1_165' title='bbox 1021 2239 1107 2317; x_wconf 87' lang='lat' dir='ltr'>fugae</span> <span class='ocrx_word' id='word_1_166' title='bbox 1121 2267 1152 2302; x_wconf 78' lang='lat'>20</span> 
     </span>
     <span class='ocr_line' id='line_1_22' title="bbox 118 2335 1108 2414; baseline 0.004 -20"><span class='ocrx_word' id='word_1_167' title='bbox 118 2335 239 2396; x_wconf 87' lang='lat' dir='ltr'>facultas</span> <span class='ocrx_word' id='word_1_168' title='bbox 262 2336 385 2407; x_wconf 91' lang='lat' dir='ltr'>daretur,</span> <span class='ocrx_word' id='word_1_169' title='bbox 411 2336 552 2414; x_wconf 87' lang='lat' dir='ltr'>Sequanis</span> <span class='ocrx_word' id='word_1_170' title='bbox 573 2355 650 2409; x_wconf 86' lang='lat' dir='ltr'>vem,</span> <span class='ocrx_word' id='word_1_171' title='bbox 670 2339 720 2414; x_wconf 92' lang='lat' dir='ltr'>qui</span> <span class='ocrx_word' id='word_1_172' title='bbox 741 2339 817 2396; x_wconf 89' lang='lat' dir='ltr'>intra</span> <span class='ocrx_word' id='word_1_173' title='bbox 838 2339 911 2398; x_wconf 92' lang='lat' dir='ltr'>fines</span> <span class='ocrx_word' id='word_1_174' title='bbox 933 2356 1002 2397; x_wconf 91' lang='lat' dir='ltr'>suos</span> <span class='ocrx_word' id='word_1_175' title='bbox 1023 2339 1108 2398; x_wconf 92' lang='lat' dir='ltr'>Ario·-</span> 
     </span>
     <span class='ocr_line' id='line_1_23' title="bbox 118 2434 1108 2512; baseline 0.005 -22"><span class='ocrx_word' id='word_1_176' title='bbox 118 2434 224 2492; x_wconf 91' lang='lat' dir='ltr'>vistum</span> <span class='ocrx_word' id='word_1_177' title='bbox 243 2434 431 2509; x_wconf 85' lang='lat' dir='ltr'>recepissent,</span> <span class='ocrx_word' id='word_1_178' title='bbox 451 2451 576 2509; x_wconf 91' lang='lat' dir='ltr'>quorum</span> <span class='ocrx_word' id='word_1_179' title='bbox 595 2436 705 2512; x_wconf 89' lang='lat' dir='ltr'>oppida</span> <span class='ocrx_word' id='word_1_180' title='bbox 724 2437 824 2494; x_wconf 87' lang='lat' dir='ltr'>omnia</span> <span class='ocrx_word' id='word_1_181' title='bbox 841 2437 872 2495; x_wconf 92' lang='lat' dir='ltr'>in</span> <span class='ocrx_word' id='word_1_182' title='bbox 889 2445 1031 2512; x_wconf 89' lang='lat' dir='ltr'>potestate</span> <span class='ocrx_word' id='word_1_183' title='bbox 1046 2437 1108 2495; x_wconf 91' lang='lat' dir='ltr'>eius</span> 
     </span>
     <span class='ocr_line' id='line_1_24' title="bbox 118 2531 796 2608; baseline 0.003 -18"><span class='ocrx_word' id='word_1_184' title='bbox 118 2539 224 2600; x_wconf 89' lang='lat' dir='ltr'>essent,</span> <span class='ocrx_word' id='word_1_185' title='bbox 241 2548 345 2588; x_wconf 90' lang='lat' dir='ltr'>ornnes</span> <span class='ocrx_word' id='word_1_186' title='bbox 359 2531 501 2590; x_wconf 90' lang='lat' dir='ltr'>cruciatus</span> <span class='ocrx_word' id='word_1_187' title='bbox 516 2541 613 2590; x_wconf 90' lang='lat' dir='ltr'>essent</span> <span class='ocrx_word' id='word_1_188' title='bbox 626 2533 796 2608; x_wconf 84' lang='lat' dir='ltr'>perferendi.</span> 
     </span>
    </p>

    <p class='ocr_par' dir='ltr' id='par_1_3' title="bbox 117 2627 1154 3590">
     <span class='ocr_line' id='line_1_25' title="bbox 160 2627 1108 2706; baseline 0.007 -19"><span class='ocrx_word' id='word_1_189' title='bbox 160 2635 211 2688; x_wconf 83' lang='grc'>33.</span> <span class='ocrx_word' id='word_1_190' title='bbox 239 2627 296 2687; x_wconf 93' lang='lat' dir='ltr'>His</span> <span class='ocrx_word' id='word_1_191' title='bbox 317 2630 402 2688; x_wconf 90' lang='lat' dir='ltr'>rebus</span> <span class='ocrx_word' id='word_1_192' title='bbox 425 2629 548 2706; x_wconf 83' lang='lat' dir='ltr'>cognitis</span> <span class='ocrx_word' id='word_1_193' title='bbox 576 2629 684 2689; x_wconf 91' lang='lat' dir='ltr'>Caesar</span> <span class='ocrx_word' id='word_1_194' title='bbox 707 2631 857 2691; x_wconf 86' lang='lat' dir='ltr'>Gallorum</span> <span class='ocrx_word' id='word_1_195' title='bbox 878 2634 993 2693; x_wconf 91' lang='lat' dir='ltr'>animos</span> <span class='ocrx_word' id='word_1_196' title='bbox 1014 2637 1108 2694; x_wconf 90' lang='lat' dir='ltr'>verbis</span> 
     </span>
     <span class='ocr_line' id='line_1_26' title="bbox 120 2726 1152 2807; baseline 0.007 -22"><span class='ocrx_word' id='word_1_197' title='bbox 120 2727 304 2786; x_wconf 89' lang='lat' dir='ltr'>confirmavit</span> <span class='ocrx_word' id='word_1_198' title='bbox 324 2726 525 2803; x_wconf 91' lang='lat' dir='ltr'>pollicitusque</span> <span class='ocrx_word' id='word_1_199' title='bbox 547 2737 591 2786; x_wconf 91' lang='lat' dir='ltr'>est</span> <span class='ocrx_word' id='word_1_200' title='bbox 612 2729 666 2787; x_wconf 93' lang='lat' dir='ltr'>sibi</span> <span class='ocrx_word' id='word_1_201' title='bbox 687 2749 753 2788; x_wconf 90' lang='lat' dir='ltr'>eam</span> <span class='ocrx_word' id='word_1_202' title='bbox 774 2750 836 2790; x_wconf 91' lang='lat' dir='ltr'>rem</span> <span class='ocrx_word' id='word_1_203' title='bbox 858 2751 943 2791; x_wconf 93' lang='lat' dir='ltr'>curae</span> <span class='ocrx_word' id='word_1_204' title='bbox 967 2733 1107 2792; x_wconf 82' lang='lat' dir='ltr'>futuram:</span> <span class='ocrx_word' id='word_1_205' title='bbox 1124 2757 1152 2807; x_wconf 86' lang='lat'>25</span> 
     </span>
     <span class='ocr_line' id='line_1_27' title="bbox 120 2824 1109 2902; baseline 0.009 -21"><span class='ocrx_word' id='word_1_206' title='bbox 120 2843 260 2899; x_wconf 86' lang='lat' dir='ltr'>magnam</span> <span class='ocrx_word' id='word_1_207' title='bbox 283 2841 316 2883; x_wconf 89' lang='lat' dir='ltr'>se</span> <span class='ocrx_word' id='word_1_208' title='bbox 337 2824 444 2884; x_wconf 90' lang='lat' dir='ltr'>habere</span> <span class='ocrx_word' id='word_1_209' title='bbox 470 2843 561 2902; x_wconf 89' lang='lat' dir='ltr'>spem,</span> <span class='ocrx_word' id='word_1_210' title='bbox 587 2834 616 2886; x_wconf 91' lang='lat' dir='ltr'>et</span> <span class='ocrx_word' id='word_1_211' title='bbox 639 2828 782 2902; x_wconf 81' lang='lat' dir='ltr'>beneficio</span> <span class='ocrx_word' id='word_1_212' title='bbox 808 2846 862 2887; x_wconf 91' lang='lat' dir='ltr'>suo</span> <span class='ocrx_word' id='word_1_213' title='bbox 887 2839 914 2888; x_wconf 92' lang='lat' dir='ltr'>et</span> <span class='ocrx_word' id='word_1_214' title='bbox 942 2831 1109 2890; x_wconf 88' lang='lat' dir='ltr'>auctoritate</span> 
     </span>
     <span class='ocr_line' id='line_1_28' title="bbox 120 2923 1109 2988; baseline 0.007 -8"><span class='ocrx_word' id='word_1_215' title='bbox 120 2923 278 2981; x_wconf 88' lang='lat' dir='ltr'>adductum</span> <span class='ocrx_word' id='word_1_216' title='bbox 292 2923 469 2984; x_wconf 89' lang='lat' dir='ltr'>Ariovistum</span> <span class='ocrx_word' id='word_1_217' title='bbox 483 2923 572 2982; x_wconf 89' lang='lat' dir='ltr'>finem</span> <span class='ocrx_word' id='word_1_218' title='bbox 586 2924 694 2984; x_wconf 91' lang='lat' dir='ltr'>iniuriis</span> <span class='ocrx_word' id='word_1_219' title='bbox 707 2925 857 2986; x_wconf 89' lang='lat' dir='ltr'>facturum.</span> <span class='ocrx_word' id='word_1_220' title='bbox 899 2927 966 2986; x_wconf 90' lang='lat' dir='ltr'>Hac</span> <span class='ocrx_word' id='word_1_221' title='bbox 980 2930 1109 2988; x_wconf 90' lang='lat' dir='ltr'>oratione</span> 
     </span>
     <span class='ocr_line' id='line_1_29' title="bbox 120 3021 1109 3086; baseline 0.003 -4"><span class='ocrx_word' id='word_1_222' title='bbox 120 3021 222 3082; x_wconf 90' lang='lat' dir='ltr'>habita</span> <span class='ocrx_word' id='word_1_223' title='bbox 242 3023 396 3082; x_wconf 89' lang='lat' dir='ltr'>concilium</span> <span class='ocrx_word' id='word_1_224' title='bbox 418 3023 531 3081; x_wconf 89' lang='lat' dir='ltr'>dimisit.</span> <span class='ocrx_word' id='word_1_225' title='bbox 573 3021 612 3081; x_wconf 92' lang='lat' dir='ltr'>Et</span> <span class='ocrx_word' id='word_1_226' title='bbox 632 3025 793 3084; x_wconf 87' lang='lat' dir='ltr'>secundum</span> <span class='ocrx_word' id='word_1_227' title='bbox 813 3044 849 3084; x_wconf 87' lang='lat' dir='ltr'>ea</span> <span class='ocrx_word' id='word_1_228' title='bbox 861 3027 968 3085; x_wconf 89' lang='lat' dir='ltr'>multae</span> <span class='ocrx_word' id='word_1_229' title='bbox 982 3046 1027 3085; x_wconf 90' lang='lat' dir='ltr'>res</span> <span class='ocrx_word' id='word_1_230' title='bbox 1042 3046 1109 3086; x_wconf 92' lang='lat' dir='ltr'>eum</span> 
     </span>
     <span class='ocr_line' id='line_1_30' title="bbox 120 3116 1109 3199; baseline 0.007 -23"><span class='ocrx_word' id='word_1_231' title='bbox 120 3116 317 3190; x_wconf 90' lang='lat' dir='ltr'>hortabantur,</span> <span class='ocrx_word' id='word_1_232' title='bbox 329 3137 417 3195; x_wconf 89' lang='lat' dir='ltr'>quare</span> <span class='ocrx_word' id='word_1_233' title='bbox 431 3119 484 3177; x_wconf 90' lang='lat' dir='ltr'>sibi</span> <span class='ocrx_word' id='word_1_234' title='bbox 500 3139 565 3178; x_wconf 88' lang='lat' dir='ltr'>eam</span> <span class='ocrx_word' id='word_1_235' title='bbox 578 3135 640 3178; x_wconf 89' lang='lat' dir='ltr'>rem</span> <span class='ocrx_word' id='word_1_236' title='bbox 654 3122 840 3196; x_wconf 84' lang='lat' dir='ltr'>cogitandam</span> <span class='ocrx_word' id='word_1_237' title='bbox 854 3133 883 3181; x_wconf 91' lang='lat' dir='ltr'>et</span> <span class='ocrx_word' id='word_1_238' title='bbox 897 3125 1109 3199; x_wconf 91' lang='lat' dir='ltr'>suscipiendam</span> 
     </span>
     <span class='ocr_line' id='line_1_31' title="bbox 120 3215 1154 3298; baseline 0.012 -26"><span class='ocrx_word' id='word_1_239' title='bbox 120 3224 245 3294; x_wconf 88' lang='lat' dir='ltr'>putaret,</span> <span class='ocrx_word' id='word_1_240' title='bbox 269 3215 408 3292; x_wconf 89' lang='lat' dir='ltr'>imprimis</span> <span class='ocrx_word' id='word_1_241' title='bbox 436 3217 518 3292; x_wconf 93' lang='lat' dir='ltr'>quod</span> <span class='ocrx_word' id='word_1_242' title='bbox 543 3217 664 3276; x_wconf 91' lang='lat' dir='ltr'>Aeduos</span> <span class='ocrx_word' id='word_1_243' title='bbox 692 3217 793 3277; x_wconf 82' lang='lat' dir='ltr'>fratres</span> <span class='ocrx_word' id='word_1_244' title='bbox 821 3221 1109 3298; x_wconf 86' lang='lat' dir='ltr'>consanguineosque</span> <span class='ocrx_word' id='word_1_245' title='bbox 1122 3247 1154 3298; x_wconf 78' lang='lat'>30</span> 
     </span>
     <span class='ocr_line' id='line_1_32' title="bbox 121 3315 1110 3393; baseline 0.006 -21"><span class='ocrx_word' id='word_1_246' title='bbox 121 3330 334 3389; x_wconf 88' lang='lat' dir='ltr'>saepenumero</span> <span class='ocrx_word' id='word_1_247' title='bbox 361 3331 379 3371; x_wconf 89' lang='lat' dir='ltr'>a</span> <span class='ocrx_word' id='word_1_248' title='bbox 414 3322 515 3372; x_wconf 88' lang='lat' dir='ltr'>senatu</span> <span class='ocrx_word' id='word_1_249' title='bbox 545 3315 704 3390; x_wconf 88' lang='lat' dir='ltr'>appellatos</span> <span class='ocrx_word' id='word_1_250' title='bbox 737 3317 767 3373; x_wconf 88' lang='lat' dir='ltr'>in</span> <span class='ocrx_word' id='word_1_251' title='bbox 798 3317 929 3382; x_wconf 86' lang='lat' dir='ltr'>servitute</span> <span class='ocrx_word' id='word_1_252' title='bbox 962 3326 1047 3393; x_wconf 89' lang='lat' dir='ltr'>atque</span> <span class='ocrx_word' id='word_1_253' title='bbox 1079 3321 1110 3378; x_wconf 92' lang='lat' dir='ltr'>in</span> 
     </span>
     <span class='ocr_line' id='line_1_33' title="bbox 121 3409 1109 3488; baseline 0.009 -21"><span class='ocrx_word' id='word_1_254' title='bbox 121 3409 237 3468; x_wconf 91' lang='lat' dir='ltr'>dicione</span> <span class='ocrx_word' id='word_1_255' title='bbox 255 3409 368 3468; x_wconf 89' lang='lat' dir='ltr'>videbat</span> <span class='ocrx_word' id='word_1_256' title='bbox 386 3409 599 3470; x_wconf 88' lang='lat' dir='ltr'>Germanorum</span> <span class='ocrx_word' id='word_1_257' title='bbox 616 3413 707 3471; x_wconf 90' lang='lat' dir='ltr'>teneri</span> <span class='ocrx_word' id='word_1_258' title='bbox 726 3431 885 3488; x_wconf 89' lang='lat' dir='ltr'>eorumque</span> <span class='ocrx_word' id='word_1_259' title='bbox 908 3415 1024 3475; x_wconf 92' lang='lat' dir='ltr'>obsides</span> <span class='ocrx_word' id='word_1_260' title='bbox 1046 3435 1109 3476; x_wconf 91' lang='lat' dir='ltr'>esse</span> 
     </span>
     <span class='ocr_line' id='line_1_34' title="bbox 117 3508 1110 3590; baseline 0.008 -23"><span class='ocrx_word' id='word_1_261' title='bbox 117 3509 202 3590; x_wconf 73' lang='lat' dir='ltr'>apud</span> <span class='ocrx_word' id='word_1_262' title='bbox 225 3508 401 3568; x_wconf 91' lang='lat' dir='ltr'>Ariovistum</span> <span class='ocrx_word' id='word_1_263' title='bbox 423 3527 458 3568; x_wconf 88' lang='lat' dir='ltr'>ac</span> <span class='ocrx_word' id='word_1_264' title='bbox 480 3509 631 3586; x_wconf 88' lang='lat' dir='ltr'>Sequanos</span> <span class='ocrx_word' id='word_1_265' title='bbox 652 3510 834 3588; x_wconf 84' lang='lat' dir='ltr'>intellegebat</span> <span class='ocrx_word' id='word_1_266' title='bbox 841 3531 849 3585; x_wconf 92' lang='lat'>;</span> <span class='ocrx_word' id='word_1_267' title='bbox 879 3511 958 3590; x_wconf 91' lang='lat' dir='ltr'>quod</span> <span class='ocrx_word' id='word_1_268' title='bbox 977 3514 1009 3572; x_wconf 92' lang='lat' dir='ltr'>in</span> <span class='ocrx_word' id='word_1_269' title='bbox 1029 3523 1110 3575; x_wconf 91' lang='lat' dir='ltr'>tanto</span> 
     </span>
    </p>

    <p class='ocr_par' dir='ltr' id='par_1_4' title="bbox 586 3621 634 3665">
     <span class='ocr_line' id='line_1_35' title="bbox 586 3621 634 3665; baseline -0.042 0"><span class='ocrx_word' id='word_1_270' title='bbox 586 3621 634 3665; x_wconf 77' lang='lat'>02</span> 
     </span>
    </p>
   </div>
   <div class='ocr_carea' id='block_1_3' title="bbox 0 0 1312 3934">
    <p class='ocr_par' dir='ltr' id='par_1_5' title="bbox 0 0 1312 3934">
     <span class='ocr_line' id='line_1_36' title="bbox 0 0 1312 3934; baseline 0 0"><span class='ocrx_word' id='word_1_271' title='bbox 0 0 1312 3934; x_wconf 95' lang='lat' dir='ltr'> </span> 
     </span>
    </p>
   </div>
  </div>
 </body>
</html>
