2606 3934
186 252 225 300 12
496 249 525 300 Ο.
548 250 565 297 1
567 249 640 298 ULII
661 249 832 299 CAESARIS
1144 254 1165 300 1.

183 396 346 470 monefacit,
373 417 448 476 quae
474 398 538 476 ipso
566 407 718 477 praesente
744 399 775 458 in
802 399 925 459 concilio
954 397 1104 459 Gallorum
1131 398 1164 457 de

182 493 363 574 Dumnorige
382 498 439 556 sint
460 498 543 568 dicta,
564 507 592 556 et
614 497 748 570 ostendit,
768 516 843 574 quae
865 499 1019 574 separatim
1047 499 1165 574 quisque

184 592 220 650 de
240 611 276 652 eo
297 594 375 670 apud
396 613 427 654 se
448 595 556 654 dixerit.
599 595 673 654 Petit
693 606 779 672 atque
800 596 937 666 hortatur,
958 605 990 654 ut
1017 597 1078 654 sine
1106 596 1166 652 eius

182 689 343 748 offensione
364 691 451 750 animi
472 693 516 750 vel
536 693 599 770 ipse
622 692 658 751 de
681 710 717 751 eo
741 711 828 751 causa
847 693 964 768 cognita
986 701 1102 763 statuat,
1123 689 1165 748 vel

155 787 325 849 5civitatem
339 799 462 848 statuere
478 791 582 849 iubeat.
629 797 683 849 20.
710 789 867 849 Divitiacus
884 790 980 848 multis
999 808 1066 848 eum
1087 788 1167 847 lacri-

181 885 237 943 mis
257 885 412 945 Caesarem
431 888 599 964 complexus
619 889 772 946 obsecrare
791 889 894 963 coepit,
909 907 947 946 ne
965 888 1034 964 quid
1054 887 1167 963 gravius

181 984 212 1042 in
231 982 346 1043 fratrem
363 995 515 1044 statueret:
537 985 614 1044 Scire
633 1004 665 1044 se
684 986 731 1044 illa
750 1004 813 1044 esse
831 1004 907 1054 vera,
923 1004 978 1045 nec
992 1001 1167 1063 quemquam

183 1099 276 1140 exeo
303 1083 367 1158 plus
388 1101 475 1159 quarn
496 1102 527 1143 se
549 1084 656 1142 doloris
678 1102 790 1160 capere,
811 1093 965 1160 propterea
991 1083 1079 1159 quod,
1102 1099 1167 1140 cum

182 1181 246 1255 ipse
272 1182 362 1256 gratia
388 1182 542 1258 plurimum
570 1182 650 1241 domi
677 1192 764 1259 atque
795 1182 826 1240 irr
857 1182 967 1258 reliqua
994 1181 1095 1252 Gallia,
1123 1180 1167 1238 ille

141 1289 171 1324 10
183 1277 333 1336 minimum
352 1289 469 1356 propter
496 1279 721 1338 adolescentiam
747 1289 856 1355 posset,
877 1298 930 1355 per
956 1297 988 1337 se
1015 1279 1166 1350 crevisset3

183 1375 286 1450 quibus
307 1377 411 1453 opibus
429 1395 463 1436 ac
482 1378 575 1436 nervis
592 1395 652 1436 norr
674 1375 767 1436 solum
786 1377 823 1434 ad
836 1376 1023 1434 minuendam
1037 1376 1167 1451 gratiam,

184 1473 236 1531 sed
261 1493 355 1550 paene
381 1474 419 1532 ad
445 1475 601 1551 perniciem
628 1493 710 1533 suam
741 1483 874 1532 uteretur.
916 1473 985 1532 Sese
1015 1484 1112 1533 tamen
1140 1482 1168 1530 et

183 1588 282 1629 amore
303 1572 429 1631 fraterno
456 1581 485 1631 et
513 1573 722 1631 existimatione
749 1572 826 1647 vulgi
854 1571 1037 1630 commoveri.
1079 1569 1169 1642 Quod

184 1668 209 1725 si
241 1668 310 1744 quid
338 1669 364 1728 ei
392 1688 409 1728 a
435 1667 560 1728 Caesare
590 1671 703 1746 gravius
731 1670 889 1740 accidisset,
918 1687 984 1727 cum
1011 1669 1074 1745 ipse
1101 1687 1169 1727 eum

143 1769 280 1834 r5locum
314 1767 454 1826 amicitiae
488 1768 566 1844 apud
599 1787 667 1826 eum
700 1777 818 1840 teneret,
846 1769 993 1826 neminem
1023 1769 1169 1826 existima·

183 1875 279 1924 turum
301 1882 361 1922 non
385 1883 437 1924 sua
456 1865 602 1924 voluntate
623 1865 746 1938 factum;
775 1884 833 1942 qua
859 1884 947 1924 exre
970 1865 1105 1936 futurum,
1127 1867 1169 1924 uti

183 1963 270 2021 totius
287 1961 397 2022 Galliae
416 1963 538 2022 animia
559 1981 590 2022 se
612 1973 812 2022 averterentur.
855 1963 939 2022 Haec
956 1982 1022 2022 cum
1041 1964 1169 2040 pluribus

182 2061 275 2119 verbis
295 2060 368 2118 flens
387 2079 405 2119 a
419 2059 543 2120 Caesare
558 2071 677 2138 peteret,
694 2059 802 2120 Caesar
815 2061 877 2120 eius
892 2061 1023 2120 dextram
1036 2061 1167 2136 prendit;

182 2159 347 2218 consolatus
375 2168 466 2234 rogat,
491 2159 579 2218 finem
606 2159 708 2218 orandi
729 2159 831 2231 faciat;
860 2160 930 2217 tanti
951 2160 1011 2218 eius
1032 2159 1110 2234 apud
1136 2176 1170 2218 se

140 2274 170 2310 ao
182 2257 303 2331 gratiam
323 2274 387 2316 esse
406 2258 540 2328 ostendit,
560 2257 601 2315 uti
620 2266 648 2316 et
667 2257 709 2314 rei
729 2258 862 2333 publicae
881 2257 1013 2314 iniuriam
1035 2265 1063 2314 et
1083 2275 1170 2314 suum

183 2354 313 2412 dolorem
328 2354 389 2412 eius
403 2353 542 2412 voluntati
556 2371 591 2412 ac
608 2355 741 2430 precibus
759 2354 916 2412 condonet.
957 2353 1171 2429 Dumnorigem

182 2452 220 2509 ad
248 2469 280 2510 se
307 2460 398 2522 vocat,
427 2451 544 2510 fratrem
572 2451 705 2522 adhibet;
740 2469 815 2526 quae
843 2452 873 2508 in
901 2469 937 2510 eo
969 2451 1170 2527 reprehendat,

183 2547 324 2621 ostendit-5
352 2567 427 2624 quae
449 2549 511 2624 ipse
536 2547 690 2623 intellegat,
714 2567 788 2624 quae
813 2549 910 2608 civitas
934 2560 1076 2626 queratur,
1101 2567 1171 2625 pro·

182 2648 265 2724 ponit
276 2665 285 2720 3
314 2654 422 2718 monet,
443 2655 474 2704 ut
501 2645 531 2703 in
552 2645 692 2720 reliquum
716 2655 831 2721 tempus
859 2663 962 2705 omnes
990 2647 1172 2723 suspiciones

140 2760 168 2810 25
183 2745 267 2815 vitet;
289 2744 440 2820 praeterita
461 2761 493 2801 se
520 2741 661 2800 Divitiaco
680 2741 757 2800 fratri
777 2743 944 2802 condonare
959 2744 1034 2802 dicit.
1076 2744 1173 2801 Dum·

107 2871 108 2874 ¹
183 2841 277 2917 norigi
299 2839 433 2899 custodes
457 2839 547 2915 ponit,
573 2847 612 2910 ut,
634 2857 709 2914 quae
730 2848 805 2916 agat,
831 2841 1005 2917 quibuscum
1028 2841 1172 2917 loquatur,

183 2941 255 2998 scire
268 2938 367 3015 possit.

223 3044 267 3097 21.
289 3037 403 3095 Eodem
431 3035 477 3096 die
506 3037 543 3095 ab
565 3035 795 3112 exploratoribus
823 3038 925 3097 certior
951 3037 1043 3097 factus
1070 3037 1173 3097 hostes

183 3137 236 3195 sub
253 3144 354 3194 monte
373 3135 539 3192 consedisse
557 3135 635 3192 milia
651 3153 790 3210 passuum
809 3137 847 3194 ab
864 3137 954 3212 ipsius
974 3137 1072 3194 castris
1091 3147 1174 3208 octo,

137 3245 169 3294 30
182 3233 274 3309 qualis
302 3240 378 3290 esset
404 3241 504 3290 natura
531 3232 637 3289 montis
665 3241 693 3289 et
714 3233 805 3308 qualis
833 3233 1001 3293 incircuitu
1022 3252 1174 3305 ascensus,

182 3331 232 3406 qui
260 3339 478 3404 cognoscerent,
506 3329 591 3386 misit.
648 3327 855 3387 Renuntiatum
883 3341 927 3389 est
953 3331 1067 3390 facilem
1095 3349 1173 3392 esse.

182 3428 228 3486 De
256 3428 337 3486 tertia
363 3427 458 3502 vigilia
486 3426 587 3484 Titum
608 3425 779 3498 Labienum,
800 3427 927 3504 legatum
954 3449 1007 3506 pro
1027 3442 1173 3507 praetore,

185 3542 252 3584 cum
272 3525 382 3584 duabus
403 3525 566 3602 legionibus
583 3535 612 3583 et
630 3527 664 3583 iis
684 3525 812 3599 ducibus,
828 3527 877 3602 qui
893 3527 945 3586 iter
964 3540 1174 3605 cognoverant,
