2652 3928
199 177 261 260 176
522 192 551 242 o.
574 192 670 240 rurrr
690 191 862 241 cressum
1037 224 1041 230 1
1126 197 1182 242 mn

196 339 266 411 iura,
293 340 383 417 leges,
411 359 507 418 agros,
535 341 695 402 libertatem
722 342 807 402 nobis
834 341 1017 418 reliquerunt.
1059 341 1186 402 Romani

196 455 264 496 vero
284 440 353 514 quid
372 449 474 516 petunt
492 439 568 498 aliud
587 449 636 498 aut
655 439 725 516 quid
744 441 852 510 volunt,
868 440 923 498 nisi
942 440 1047 499 invidia
1061 440 1185 510 adducti,

196 554 270 612 quos
294 537 373 595 fama
396 537 509 595 nobiles
533 547 724 614 potentesque
748 537 824 596 bello
850 546 1056 614 cognoverunt,
1080 537 1185 596 horum

196 634 226 690 in
254 635 330 709 agris
357 634 572 709 civitatibusque
600 635 751 694 considere
779 643 865 711 atque
895 636 939 694 his
967 643 1113 711 aeternam
1143 635 1186 691 in-

168 732 314 807 5iungere
335 732 517 792 servitutem?
545 731 649 808 Neque
670 732 748 790 enim
768 732 826 790 ulla
846 732 900 790 alia
921 733 1091 792 condicione
1110 733 1186 790 bella

196 839 356 904 gesserunt
412 829 502 902 Quod
532 831 556 888 si
586 849 629 900 ea,
658 848 733 906 quae
763 829 794 887 in
823 830 990 906 longinquis
1020 831 1185 889 nationibus

196 937 341 1002 geruntur,
370 928 516 1004 ignoratis,
543 928 676 1004 respicite
706 927 857 986 finitimam
889 926 1021 1000 Galliam,
1050 929 1185 1008 quaein

196 1025 373 1100 provinciam
400 1025 525 1096 redacta,
547 1025 607 1084 iure
634 1034 663 1083 et
690 1025 802 1100 legibus
829 1027 1013 1084 commutatis
1038 1027 1185 1085 securibus

197 1123 325 1181 subiecta
343 1132 483 1198 perpetua
501 1123 640 1199 premitur
659 1121 809 1181 servitute!
852 1129 903 1184 78.
927 1122 1081 1183 Sententiis
1102 1124 1185 1182 dictis

153 1236 184 1272 10
197 1221 380 1290 constituunt,
404 1229 437 1278 ut
463 1221 491 1290 ii,
517 1220 566 1296 qui
593 1220 756 1279 valetudine
784 1229 833 1278 aut
857 1229 949 1280 aetate
976 1221 1089 1280 inutiles
1117 1232 1185 1279 sunt

195 1317 280 1388 bello,
310 1317 422 1393 oppido
453 1318 604 1388 excedant,
637 1327 723 1393 atque
754 1318 853 1375 omnia
882 1318 962 1393 prius
992 1319 1183 1394 experiantur,

195 1433 283 1490 quam
315 1415 353 1474 ad
383 1415 543 1490 Critognati
573 1415 746 1473 sententiam
779 1415 973 1475 descendant:
1007 1417 1055 1474 illo
1086 1425 1184 1474 tamen

195 1513 292 1588 potius
312 1496 452 1571 utendum
472 1512 602 1583 consilio,
622 1513 646 1570 si
666 1531 712 1571 res
731 1521 818 1588 cogat
838 1523 924 1588 atque
946 1515 1050 1572 auxilia
1067 1531 1184 1571 moren-

195 1621 248 1683 tur,
263 1630 350 1687 quam
368 1621 418 1670 aut
437 1611 589 1670 deditionis
608 1621 657 1669 aut
675 1613 756 1687 pacis
776 1612 955 1671 subeundam
971 1613 1181 1673 condicionem.

154 1723 182 1770 ¹5
196 1707 357 1780 Mandubii,
384 1709 434 1786 qui
461 1726 513 1767 eos
540 1709 650 1784 oppido
678 1719 854 1785 receperant,
881 1727 948 1769 cum
975 1711 1069 1769 liberis
1096 1720 1184 1785 atque

195 1808 334 1866 uxoribus
356 1807 433 1864 exire
454 1816 604 1882 coguntur.
647 1807 689 1864 Hi
716 1825 783 1866 cum
810 1807 847 1865 ad
871 1809 1045 1867 munitiones
1073 1807 1184 1866 Roma-

195 1922 300 1962 norum
328 1904 525 1976 accessissent,
549 1905 650 1964 flentes
674 1905 810 1964 omnibus
837 1905 970 1981 precibus
998 1907 1126 1976 orabant,
1151 1914 1184 1962 ut

196 2022 227 2062 se
254 2005 285 2062 in
312 2005 477 2064 servitutem
503 2015 637 2079 receptos
662 2005 728 2062 cibo
756 2004 893 2062 iuvarent.
934 2005 976 2063 At
996 2003 1105 2063 Caesar
1124 2004 1183 2063 dis-

195 2103 297 2178 positis
321 2103 351 2160 in
375 2103 449 2160 vallo
471 2103 640 2160 custodibus
663 2102 752 2177 recipi
774 2102 953 2178 prohibebat
995 2107 1047 2162 79.
1069 2103 1184 2161 Interea

150 2207 183 2244 '²0
196 2200 347 2259 Commius
365 2199 524 2276 reliquique
543 2199 640 2270 duces,
655 2200 758 2275 quibus
778 2217 891 2258 summa
909 2199 1021 2275 imperii
1043 2200 1184 2275 permissa

194 2308 263 2370 erat,
287 2317 354 2356 cum
378 2298 512 2356 omnibus
535 2297 628 2373 copiis
652 2297 689 2355 ad
713 2297 841 2356 Alesiam
864 2298 1033 2373 perveniunt
1058 2307 1087 2356 et
1110 2297 1183 2356 colle

194 2395 333 2453 exteriore
358 2403 501 2471 occupato
525 2412 587 2453 non
614 2395 729 2470 longius
753 2394 830 2452 mille
857 2395 992 2470 passibus
1015 2395 1053 2453 ab
1076 2396 1182 2454 nostris

194 2493 403 2552 munitionibus
432 2493 594 2552 considunt.
637 2493 758 2552 Postero
790 2493 836 2550 die
864 2493 991 2569 equitatu
1018 2511 1055 2551 ex
1083 2493 1182 2552 castris

195 2590 298 2648 educto
321 2608 440 2648 omnem
462 2609 527 2649 eam
549 2590 710 2666 planiciem,
733 2607 821 2665 quam
845 2589 876 2647 in
898 2589 1109 2665 longitudinem
1129 2591 1183 2648 tria

151 2703 181 2752 25
195 2687 273 2744 milia
305 2705 443 2763 passuum
473 2698 572 2765 patere
605 2688 872 2758 demonstravimus,
900 2688 1048 2763 complent
1079 2687 1183 2764 pedes-

194 2794 308 2860 tresque
333 2785 433 2859 copias
457 2785 575 2860 paulum
596 2786 633 2844 ab
654 2801 690 2843 eo
715 2785 782 2844 loco
807 2785 919 2842 abditas
945 2785 976 2842 in
999 2785 1071 2843 locis
1096 2803 1182 2860 supe-

194 2883 315 2940 rioribus
339 2883 524 2941 constituunt.
565 2881 634 2940 Erat
657 2901 694 2940 ex
717 2882 827 2958 oppido
852 2881 950 2940 Alesia
974 2882 1127 2958 despectus
1151 2884 1183 2941 in

194 2998 340 3055 campum.
382 2978 566 3038 Concurrunt
582 2979 627 3037 his
645 2979 756 3038 auxiliis
777 2979 861 3052 visis;
885 2978 916 3036 fit
935 2980 1088 3054 gratulatio
1108 2981 1182 3038 inter

193 3094 245 3134 eos
270 3086 356 3152 atque
381 3077 513 3134 omnium
538 3077 626 3134 animi
653 3076 690 3134 ad
714 3076 849 3134 laetitiam
873 3077 1037 3136 excitantur.
1081 3077 1182 3154 ltaque

149 3191 182 3238 30
193 3174 341 3248 productis
371 3174 462 3249 copiis
498 3183 565 3231 ante
596 3174 737 3249 oppidum
769 3173 923 3232 considunt
955 3184 984 3234 et
1017 3175 1181 3252 proximam

193 3272 302 3330 fossam
330 3271 455 3330 cratibus
482 3271 614 3346 integunt
642 3280 727 3347 atque
755 3289 861 3347 aggere
888 3273 1004 3348 explent
1031 3290 1119 3348 seque
1143 3273 1181 3330 ad

192 3369 374 3444 eruptionem
395 3377 481 3444 atque
502 3386 604 3426 omnes
627 3387 711 3428 casus
732 3381 910 3446 comparant.

233 3471 286 3524 80.
310 3463 418 3526 Caesar
445 3466 526 3524 omni
554 3466 680 3526 exercitu
707 3467 745 3527 ad
770 3477 922 3546 utramque
950 3478 1061 3546 partem
1086 3468 1181 3528 muni·
