2606 3934
119 225 256 310 38-40.
372 241 418 290 nr
440 243 549 291 narro
573 239 723 292 caturco
746 243 855 293 corun.
878 243 902 294 r.
1065 245 1110 310 v23

119 389 251 446 nonnulli
278 388 389 464 pudore
414 391 539 462 adducti,
563 401 595 450 ut
622 394 731 453 timoris
760 394 955 469 suspicionem
981 391 1110 461 vitarent,

119 486 313 544 remanebant.
357 485 399 546 Hi
413 506 507 564 neque
521 489 631 547 vultum
641 490 750 566 fingere
764 508 858 566 neque
872 490 1015 548 interdum
1029 489 1110 546 lacri=

119 599 182 640 mas
200 593 296 642 tenere
315 594 464 660 poterant:
486 587 575 644 abditi
595 587 625 644 in
647 588 838 646 tabernaculis
855 597 904 645 aut
921 605 1005 645 suum
1018 586 1109 644 satum

76 685 78 690 “
119 682 318 754 querebantur,
336 692 385 741 aut
405 701 472 742 cum
490 683 675 744 familiaribus
695 685 753 742 suis
774 703 930 744 commune
950 685 1108 760 periculum

119 781 333 838 miserabantur.
375 780 474 857 Volgo
488 783 555 840 totis
569 783 669 841 castris
688 792 859 840 testamenta
873 783 1106 858 obsignabantur.
1122 793 1136 842 5

118 875 233 936 Horum
251 879 371 938 vocibus
385 897 420 938 ac
440 880 543 938 timore
562 881 699 956 paulatim
713 881 799 938 etiam
817 881 844 951 ii,
864 881 913 957 qui
926 897 1066 956 magnum
1079 880 1109 937 in

114 976 216 1032 castris
226 994 311 1034 usum
322 975 474 1048 habebant,
486 977 589 1036 milites
603 976 841 1053 centurionesque
853 978 959 1054 quique
970 977 1108 1054 equitatui

117 1081 275 1147 praeerant,
302 1074 549 1148 perturbabantur.
591 1073 651 1146 Qui
675 1092 707 1132 se
734 1094 770 1133 ex
797 1075 841 1133 his
868 1077 964 1134 minus
989 1075 1107 1133 timidos

117 1169 273 1228 existimari
300 1171 443 1242 volebant,
470 1190 531 1230 non
559 1190 590 1230 se
617 1171 733 1230 hostem
756 1172 855 1243 vereri,
882 1173 934 1232 sed
961 1174 1108 1248 angustias

117 1267 225 1328 itineris
250 1278 279 1328 et
302 1270 531 1344 magnitudinem
553 1270 695 1341 silvarum,
714 1287 789 1345 quae
809 1269 1016 1328 intercederent
1035 1271 1109 1330 inter
1123 1287 1154 1324 ro

116 1365 197 1442 ipsos
216 1375 301 1442 atque
316 1367 500 1438 Ariovistum,
515 1375 564 1424 aut
583 1385 645 1425 rem
663 1366 887 1436 frumentariam,
901 1375 933 1424 ut
947 1367 1013 1426 satis
1027 1385 1108 1426 com·

117 1463 205 1522 mode
226 1464 386 1540 supportari
413 1475 521 1540 posset,
544 1465 644 1523 timere
672 1465 814 1522 dicebant.
856 1463 996 1522 Nonnulli
1022 1465 1109 1523 etiarn

118 1560 235 1620 Caesari
249 1563 420 1628 nuntiarant
435 1581 502 1620 curn
516 1572 610 1620 castra
623 1562 732 1620 moveri
745 1580 780 1622 ac
794 1562 878 1637 signa
891 1561 957 1620 ferri
971 1561 1107 1634 iussisset,

117 1676 178 1716 non
189 1658 251 1716 sore
262 1659 339 1718 dicto
354 1660 503 1718 audientes
516 1660 629 1718 milities
642 1679 737 1736 neque
748 1669 867 1736 propter
877 1661 1011 1718 timorem
1024 1661 1108 1735 signa

117 1754 233 1814 laturos.
274 1761 328 1815 40.
351 1755 435 1816 Haec
456 1774 523 1816 curn
537 1757 791 1827 animadvertisset,
805 1768 966 1815 convocato
987 1758 1107 1816 consilio
1124 1773 1152 1824 15

110 1853 305 1935 somniumque
322 1854 459 1912 ordinum
478 1855 516 1912 ad
534 1855 564 1914 id
578 1855 731 1913 consilium
748 1853 880 1914 adhibitis
894 1855 1108 1914 centurionibus

116 1949 301 2008 vehementer
314 1969 365 2009 eos
379 1951 533 2010 incusavit:
555 1953 681 2027 primurn
695 1951 775 2027 quod
789 1961 837 2009 aut
848 1969 936 2027 quarn
950 1952 982 2009 in
996 1961 1108 2027 partem

117 2055 170 2108 aut
181 2064 240 2121 quo
255 2048 377 2105 consilio
389 2048 568 2118 ducerentur,
580 2049 634 2106 sibi
648 2049 844 2125 quaerendum
859 2057 907 2107 ant
921 2048 1108 2124 cogitandum

117 2153 260 2220 putarent.
301 2144 477 2202 Ariovistum
492 2163 523 2202 se
537 2145 655 2203 consule
670 2145 855 2221 cupidissime
869 2146 970 2220 populi
981 2145 1108 2204 Romani

117 2242 274 2300 amicitiam
297 2242 458 2316 appetisse:
486 2259 537 2300 cur
564 2242 641 2300 hunc
669 2253 728 2300 tam
756 2253 863 2300 temere
886 2244 1043 2319 quisquam
1070 2245 1107 2302 ab
1123 2261 1153 2296 πο

117 2339 213 2397 officio
228 2339 420 2398 discessurum
435 2339 592 2398 iudicaret?
635 2340 697 2398 Sibi
713 2339 830 2415 quidem
850 2340 1024 2415 persuaderi,
1038 2359 1107 2416 cog·

117 2437 183 2494 nitis
207 2437 266 2495 suis
285 2437 437 2514 postulatis
458 2446 544 2512 atque
565 2438 706 2514 aequitate
731 2438 937 2496 condicionum
958 2449 1109 2514 perspecta

117 2551 185 2592 eum
204 2553 298 2610 neque
317 2553 401 2593 suam
420 2554 515 2612 neque
536 2537 636 2612 populi
655 2535 781 2594 Romani
801 2536 923 2610 gratiam
944 2537 1108 2613 repudiatu-

117 2651 190 2689 rum.
233 2630 323 2702 Quod
346 2633 370 2690 si
392 2633 488 2691 furore
510 2643 596 2709 atque
621 2634 746 2693 amentia
771 2633 911 2710 impulsus
934 2635 1041 2692 bellum
1065 2635 1108 2692 in-

117 2731 235 2820 tulisset,
257 2731 327 2806 quid
345 2731 463 2790 tandem
484 2733 666 2790 vererentur?
687 2741 737 2790 aut
756 2750 806 2790 cur
825 2732 861 2790 de
880 2750 932 2790 sua
945 2732 1045 2792 virtute
1059 2743 1108 2792 aut
1122 2753 1151 2802 25

119 2829 156 2886 de
169 2828 260 2902 ipsius
275 2828 421 2902 diligentia
434 2828 638 2904 desperarent?
679 2829 800 2888 Factum
819 2828 880 2888 eius
894 2829 983 2889 hostis
997 2831 1107 2906 pericu-

118 2923 179 2982 lum
197 2935 310 3000 patrum
330 2936 494 2984 nostrorum
515 2927 663 2998 memoria,
683 2945 750 2985 curn
772 2925 896 2984 Cimbris
916 2935 944 2986 et
965 2925 1106 2988 Teutonis

119 3038 137 3078 a
155 3019 229 3078 Gaio
250 3020 346 3081 Mario
367 3023 456 3099 pulsis
477 3041 538 3080 non
559 3025 701 3082 minorem
722 3024 836 3082 laudem
857 3024 998 3083 exercitus
1019 3043 1107 3101 quam

117 3117 181 3192 ipse
205 3117 359 3194 imperator
385 3121 504 3178 meritus
530 3121 677 3179 videbatur
684 3139 692 3194 ;
720 3121 827 3179 facturn
851 3122 938 3180 etiarn
961 3140 1053 3197 nuper
1075 3123 1106 3182 in

117 3214 202 3274 Italia
220 3217 311 3274 servili
328 3217 460 3282 tumultu.
478 3236 552 3294 quos
571 3227 669 3276 tamen
688 3219 793 3294 aliquid
806 3237 876 3278 usus
895 3237 929 3278 ac
947 3219 1104 3294 disciplina,
1119 3245 1149 3292 30

117 3331 193 3388 quae
221 3329 240 3371 a
266 3316 350 3373 nobis
378 3317 566 3391 accepissent,
591 3318 778 3376 sublevarent.
826 3316 872 3374 Ex
900 3333 959 3392 quo
985 3317 1105 3378 iudicari
1145 3299 1148 3308 ¹

116 3428 213 3487 posse,
239 3422 378 3486 quantum
406 3414 524 3472 haberet
551 3415 581 3472 in
608 3433 639 3473 se
667 3415 736 3472 boni
760 3414 929 3483 constantia,
951 3424 1106 3490 propterea

115 3509 206 3586 quod,
225 3526 300 3586 quos
324 3509 498 3586 aliquamdiu
521 3512 649 3570 inermos
673 3512 735 3570 sine
759 3528 846 3570 causa
865 3510 1035 3584 timuissent,
1049 3511 1105 3592 hos
