<?xml version="1.0" encoding="UTF-8"?>
<!DOCTYPE html PUBLIC "-//W3C//DTD XHTML 1.0 Transitional//EN"
    "http://www.w3.org/TR/xhtml1/DTD/xhtml1-transitional.dtd">
<html xmlns="http://www.w3.org/1999/xhtml" xml:lang="en" lang="en">
 <head>
  <title>
</title>
<meta http-equiv="Content-Type" content="text/html;charset=utf-8" />
  <meta name='ocr-system' content='tesseract 3.04.00' />
  <meta name='ocr-capabilities' content='ocr_page ocr_carea ocr_par ocr_line ocrx_word'/>
</head>
<body>
  <div class='ocr_page' id='page_1' title='image "./commentariescju01caesgoog_0219.png"; bbox 0 0 2652 3928; ppageno 0'>
   <div class='ocr_carea' id='block_1_1' title="bbox 194 217 1185 286">
    <p class='ocr_par' dir='ltr' id='par_1_1' title="bbox 194 217 1185 286">
     <span class='ocr_line' id='line_1_1' title="bbox 194 217 1185 286; baseline 0.003 -4"><span class='ocrx_word' id='word_1_1' title='bbox 194 217 254 282; x_wconf 89' lang='lat'><strong>180</strong></span> <span class='ocrx_word' id='word_1_2' title='bbox 517 234 546 282; x_wconf 89' lang='lat' dir='ltr'><strong>c.</strong></span> <span class='ocrx_word' id='word_1_3' title='bbox 569 232 663 281; x_wconf 82' lang='lat' dir='ltr'><strong>rurrr</strong></span> <span class='ocrx_word' id='word_1_4' title='bbox 682 232 854 282; x_wconf 73' lang='lat' dir='ltr'><strong>cursurus</strong></span> <span class='ocrx_word' id='word_1_5' title='bbox 1127 239 1185 286; x_wconf 85' lang='lat' dir='ltr'><strong>vrr.</strong></span> 
     </span>
    </p>
   </div>
   <div class='ocr_carea' id='block_1_2' title="bbox 140 381 1236 3390">
    <p class='ocr_par' dir='ltr' id='par_1_2' title="bbox 140 381 1236 3390">
     <span class='ocr_line' id='line_1_2' title="bbox 191 381 1185 459; baseline -0.002 -18"><span class='ocrx_word' id='word_1_6' title='bbox 191 390 268 454; x_wconf 87' lang='lat' dir='ltr'><strong>aret;</strong></span> <span class='ocrx_word' id='word_1_7' title='bbox 302 381 333 440; x_wconf 92' lang='lat' dir='ltr'><strong>id</strong></span> <span class='ocrx_word' id='word_1_8' title='bbox 364 381 420 441; x_wconf 92' lang='lat' dir='ltr'><strong>nisi</strong></span> <span class='ocrx_word' id='word_1_9' title='bbox 451 382 616 441; x_wconf 89' lang='lat' dir='ltr'><strong>necessario</strong></span> <span class='ocrx_word' id='word_1_10' title='bbox 647 401 684 442; x_wconf 91' lang='lat' dir='ltr'><strong>ne</strong></span> <span class='ocrx_word' id='word_1_11' title='bbox 717 382 810 441; x_wconf 89' lang='lat' dir='ltr'><strong>saciat.</strong></span> <span class='ocrx_word' id='word_1_12' title='bbox 866 381 935 459; x_wconf 90' lang='lat' dir='ltr'><strong>Ipse</strong></span> <span class='ocrx_word' id='word_1_13' title='bbox 964 381 1023 442; x_wconf 88' lang='lat' dir='ltr'><strong>adit</strong></span> <span class='ocrx_word' id='word_1_14' title='bbox 1051 381 1185 458; x_wconf 91' lang='lat' dir='ltr'><strong>reliquos,</strong></span> 
     </span>
     <span class='ocr_line' id='line_1_3' title="bbox 190 479 1185 555; baseline 0.001 -19"><span class='ocrx_word' id='word_1_15' title='bbox 190 479 364 551; x_wconf 81' lang='lat' dir='ltr'><strong>cohortatur,</strong></span> <span class='ocrx_word' id='word_1_16' title='bbox 399 498 437 538; x_wconf 92' lang='lat' dir='ltr'><strong>ne</strong></span> <span class='ocrx_word' id='word_1_17' title='bbox 470 479 562 538; x_wconf 88' lang='lat' dir='ltr'><strong>labori</strong></span> <span class='ocrx_word' id='word_1_18' title='bbox 598 481 803 551; x_wconf 87' lang='lat' dir='ltr'><strong>succumbant;</strong></span> <span class='ocrx_word' id='word_1_19' title='bbox 838 481 970 538; x_wconf 89' lang='lat' dir='ltr'><strong>omnium</strong></span> <span class='ocrx_word' id='word_1_20' title='bbox 1006 481 1185 555; x_wconf 87' lang='lat' dir='ltr'>superiorum</span> 
     </span>
     <span class='ocr_line' id='line_1_4' title="bbox 190 577 1184 654; baseline -0.001 -19"><span class='ocrx_word' id='word_1_21' title='bbox 190 577 409 636; x_wconf 82' lang='lat' dir='ltr'><strong>dimicationum</strong></span> <span class='ocrx_word' id='word_1_22' title='bbox 427 577 550 636; x_wconf 87' lang='lat' dir='ltr'><strong>fructum</strong></span> <span class='ocrx_word' id='word_1_23' title='bbox 564 577 595 635; x_wconf 94' lang='lat' dir='ltr'><strong>in</strong></span> <span class='ocrx_word' id='word_1_24' title='bbox 614 595 650 636; x_wconf 94' lang='lat' dir='ltr'><strong>eo</strong></span> <span class='ocrx_word' id='word_1_25' title='bbox 665 579 712 636; x_wconf 92' lang='lat' dir='ltr'><strong>die</strong></span> <span class='ocrx_word' id='word_1_26' title='bbox 730 588 816 654; x_wconf 89' lang='lat' dir='ltr'><strong>atquc</strong></span> <span class='ocrx_word' id='word_1_27' title='bbox 831 577 904 635; x_wconf 90' lang='lat' dir='ltr'><strong>hora</strong></span> <span class='ocrx_word' id='word_1_28' title='bbox 917 578 1004 636; x_wconf 90' lang='lat' dir='ltr'><strong>docet</strong></span> <span class='ocrx_word' id='word_1_29' title='bbox 1017 577 1184 636; x_wconf 87' lang='lat' dir='ltr'><strong>consistere.</strong></span> 
     </span>
     <span class='ocr_line' id='line_1_5' title="bbox 188 673 1185 751; baseline -0.002 -19"><span class='ocrx_word' id='word_1_30' title='bbox 188 675 342 734; x_wconf 89' lang='lat' dir='ltr'><strong>Interiores</strong></span> <span class='ocrx_word' id='word_1_31' title='bbox 353 675 511 751; x_wconf 90' lang='lat' dir='ltr'><strong>desperatis</strong></span> <span class='ocrx_word' id='word_1_32' title='bbox 522 675 730 751; x_wconf 87' lang='lat' dir='ltr'><strong>campestribus</strong></span> <span class='ocrx_word' id='word_1_33' title='bbox 745 675 816 733; x_wconf 89' lang='lat' dir='ltr'><strong>locis</strong></span> <span class='ocrx_word' id='word_1_34' title='bbox 826 683 944 750; x_wconf 90' lang='lat' dir='ltr'><strong>propter</strong></span> <span class='ocrx_word' id='word_1_35' title='bbox 954 673 1185 750; x_wconf 86' lang='lat' dir='ltr'><strong>magnitudinem</strong></span> 
     </span>
     <span class='ocr_line' id='line_1_6' title="bbox 159 771 1184 848; baseline -0.006 -14"><span class='ocrx_word' id='word_1_36' title='bbox 159 773 382 834; x_wconf 88' lang='lat' dir='ltr'><strong>5munitionum</strong></span> <span class='ocrx_word' id='word_1_37' title='bbox 403 773 468 832; x_wconf 89' lang='lat' dir='ltr'><strong>loca</strong></span> <span class='ocrx_word' id='word_1_38' title='bbox 488 781 642 848; x_wconf 89' lang='lat' dir='ltr'><strong>praerupta</strong></span> <span class='ocrx_word' id='word_1_39' title='bbox 662 791 699 831; x_wconf 87' lang='lat' dir='ltr'><strong>ex</strong></span> <span class='ocrx_word' id='word_1_40' title='bbox 723 791 846 831; x_wconf 89' lang='lat' dir='ltr'><strong>ascensu</strong></span> <span class='ocrx_word' id='word_1_41' title='bbox 869 779 1028 847; x_wconf 87' lang='lat' dir='ltr'><strong>temptant:</strong></span> <span class='ocrx_word' id='word_1_42' title='bbox 1060 771 1117 829; x_wconf 93' lang='lat' dir='ltr'><strong>huc</strong></span> <span class='ocrx_word' id='word_1_43' title='bbox 1141 789 1184 840; x_wconf 91' lang='lat' dir='ltr'><strong>ea,</strong></span> 
     </span>
     <span class='ocr_line' id='line_1_7' title="bbox 188 869 1183 946; baseline -0.003 -18"><span class='ocrx_word' id='word_1_44' title='bbox 188 888 263 946; x_wconf 88' lang='lat' dir='ltr'><strong>quae</strong></span> <span class='ocrx_word' id='word_1_45' title='bbox 287 879 464 946; x_wconf 90' lang='lat' dir='ltr'><strong>paraverant,</strong></span> <span class='ocrx_word' id='word_1_46' title='bbox 492 869 653 928; x_wconf 87' lang='lat' dir='ltr'><strong>conferunt.</strong></span> <span class='ocrx_word' id='word_1_47' title='bbox 699 869 884 928; x_wconf 85' lang='lat' dir='ltr'><strong>Multitudine</strong></span> <span class='ocrx_word' id='word_1_48' title='bbox 912 869 1034 928; x_wconf 90' lang='lat' dir='ltr'><strong>telorum</strong></span> <span class='ocrx_word' id='word_1_49' title='bbox 1062 887 1099 926; x_wconf 87' lang='lat' dir='ltr'><strong>ex</strong></span> <span class='ocrx_word' id='word_1_50' title='bbox 1125 877 1183 926; x_wconf 94' lang='lat' dir='ltr'><strong>tur-</strong></span> 
     </span>
     <span class='ocr_line' id='line_1_8' title="bbox 187 967 1183 1045; baseline -0.004 -17"><span class='ocrx_word' id='word_1_51' title='bbox 187 971 266 1028; x_wconf 89' lang='lat' dir='ltr'><strong>ribus</strong></span> <span class='ocrx_word' id='word_1_52' title='bbox 294 977 513 1045; x_wconf 85' lang='lat' dir='ltr'><strong>propugnantes</strong></span> <span class='ocrx_word' id='word_1_53' title='bbox 544 968 704 1040; x_wconf 86' lang='lat' dir='ltr'><strong>deturbant,</strong></span> <span class='ocrx_word' id='word_1_54' title='bbox 732 987 839 1044; x_wconf 83' lang='lat' dir='ltr'><strong>aggere</strong></span> <span class='ocrx_word' id='word_1_55' title='bbox 872 978 901 1028; x_wconf 90' lang='lat' dir='ltr'><strong>et</strong></span> <span class='ocrx_word' id='word_1_56' title='bbox 933 969 1058 1026; x_wconf 88' lang='lat' dir='ltr'><strong>cratibus</strong></span> <span class='ocrx_word' id='word_1_57' title='bbox 1091 967 1183 1025; x_wconf 80' lang='lat' dir='ltr'><strong>fossas</strong></span> 
     </span>
     <span class='ocr_line' id='line_1_9' title="bbox 188 1065 1183 1144; baseline -0.004 -18"><span class='ocrx_word' id='word_1_58' title='bbox 188 1069 313 1144; x_wconf 86' lang='lat' dir='ltr'><strong>explent,</strong></span> <span class='ocrx_word' id='word_1_59' title='bbox 329 1067 450 1126; x_wconf 88' lang='lat' dir='ltr'><strong>falcibus</strong></span> <span class='ocrx_word' id='word_1_60' title='bbox 474 1067 580 1126; x_wconf 89' lang='lat' dir='ltr'><strong>vallum</strong></span> <span class='ocrx_word' id='word_1_61' title='bbox 602 1085 637 1126; x_wconf 91' lang='lat' dir='ltr'><strong>ac</strong></span> <span class='ocrx_word' id='word_1_62' title='bbox 661 1067 781 1127; x_wconf 89' lang='lat' dir='ltr'><strong>loricam</strong></span> <span class='ocrx_word' id='word_1_63' title='bbox 804 1067 978 1126; x_wconf 91' lang='lat' dir='ltr'><strong>rescindunt.</strong></span> <span class='ocrx_word' id='word_1_64' title='bbox 1022 1073 1074 1126; x_wconf 85' lang='grc'><strong>87.</strong></span> <span class='ocrx_word' id='word_1_65' title='bbox 1095 1065 1183 1124; x_wconf 91' lang='lat' dir='ltr'><strong>Mittit</strong></span> 
     </span>
     <span class='ocr_line' id='line_1_10' title="bbox 188 1164 1183 1241; baseline 0.001 -18"><span class='ocrx_word' id='word_1_66' title='bbox 188 1167 282 1241; x_wconf 90' lang='lat' dir='ltr'><strong>primo</strong></span> <span class='ocrx_word' id='word_1_67' title='bbox 307 1165 428 1224; x_wconf 86' lang='lat' dir='ltr'><strong>Brutum</strong></span> <span class='ocrx_word' id='word_1_68' title='bbox 452 1165 668 1224; x_wconf 83' lang='lat' dir='ltr'><strong>adulescentem</strong></span> <span class='ocrx_word' id='word_1_69' title='bbox 692 1184 759 1224; x_wconf 92' lang='lat' dir='ltr'><strong>curn</strong></span> <span class='ocrx_word' id='word_1_70' title='bbox 784 1165 951 1224; x_wconf 89' lang='lat' dir='ltr'><strong>cohortibus</strong></span> <span class='ocrx_word' id='word_1_71' title='bbox 976 1164 1092 1236; x_wconf 87' lang='lat' dir='ltr'><strong>Caesar,</strong></span> <span class='ocrx_word' id='word_1_72' title='bbox 1115 1176 1183 1241; x_wconf 92' lang='lat' dir='ltr'><strong>post</strong></span> 
     </span>
     <span class='ocr_line' id='line_1_11' title="bbox 144 1263 1183 1340; baseline -0.003 -17"><span class='ocrx_word' id='word_1_73' title='bbox 144 1282 174 1316; x_wconf 87' lang='lat'><strong>10</strong></span> <span class='ocrx_word' id='word_1_74' title='bbox 188 1283 255 1323; x_wconf 86' lang='lat' dir='ltr'><strong>curn</strong></span> <span class='ocrx_word' id='word_1_75' title='bbox 291 1264 352 1322; x_wconf 88' lang='lat' dir='ltr'><strong>aliis</strong></span> <span class='ocrx_word' id='word_1_76' title='bbox 381 1263 488 1322; x_wconf 86' lang='lat' dir='ltr'><strong>Gaium</strong></span> <span class='ocrx_word' id='word_1_77' title='bbox 516 1263 639 1321; x_wconf 88' lang='lat' dir='ltr'><strong>Fabium</strong></span> <span class='ocrx_word' id='word_1_78' title='bbox 667 1263 811 1339; x_wconf 88' lang='lat' dir='ltr'><strong>legatum;</strong></span> <span class='ocrx_word' id='word_1_79' title='bbox 843 1273 991 1340; x_wconf 91' lang='lat' dir='ltr'><strong>postremo</strong></span> <span class='ocrx_word' id='word_1_80' title='bbox 1019 1264 1089 1338; x_wconf 94' lang='lat' dir='ltr'><strong>ipse,</strong></span> <span class='ocrx_word' id='word_1_81' title='bbox 1115 1281 1183 1321; x_wconf 92' lang='lat' dir='ltr'><strong>cum</strong></span> 
     </span>
     <span class='ocr_line' id='line_1_12' title="bbox 188 1359 1182 1438; baseline 0 -20"><span class='ocrx_word' id='word_1_82' title='bbox 188 1361 385 1420; x_wconf 90' lang='lat' dir='ltr'><strong>vehementius</strong></span> <span class='ocrx_word' id='word_1_83' title='bbox 409 1371 594 1436; x_wconf 89' lang='lat' dir='ltr'><strong>pugnaretur,</strong></span> <span class='ocrx_word' id='word_1_84' title='bbox 614 1363 743 1438; x_wconf 87' lang='lat' dir='ltr'><strong>integros</strong></span> <span class='ocrx_word' id='word_1_85' title='bbox 768 1361 895 1420; x_wconf 92' lang='lat' dir='ltr'><strong>subsidio</strong></span> <span class='ocrx_word' id='word_1_86' title='bbox 918 1361 1044 1419; x_wconf 90' lang='lat' dir='ltr'><strong>adducit.</strong></span> <span class='ocrx_word' id='word_1_87' title='bbox 1087 1359 1182 1418; x_wconf 91' lang='lat' dir='ltr'><strong>Resti-</strong></span> 
     </span>
     <span class='ocr_line' id='line_1_13' title="bbox 188 1457 1181 1535; baseline -0.002 -18"><span class='ocrx_word' id='word_1_88' title='bbox 188 1471 249 1518; x_wconf 92' lang='lat' dir='ltr'><strong>tuto</strong></span> <span class='ocrx_word' id='word_1_89' title='bbox 268 1459 379 1535; x_wconf 90' lang='lat' dir='ltr'><strong>proelio</strong></span> <span class='ocrx_word' id='word_1_90' title='bbox 398 1477 433 1520; x_wconf 89' lang='lat' dir='ltr'><strong>ac</strong></span> <span class='ocrx_word' id='word_1_91' title='bbox 446 1459 567 1534; x_wconf 90' lang='lat' dir='ltr'><strong>repulsis</strong></span> <span class='ocrx_word' id='word_1_92' title='bbox 585 1457 717 1517; x_wconf 91' lang='lat' dir='ltr'><strong>hostibus</strong></span> <span class='ocrx_word' id='word_1_93' title='bbox 736 1477 782 1529; x_wconf 90' lang='lat' dir='ltr'><strong>eo,</strong></span> <span class='ocrx_word' id='word_1_94' title='bbox 797 1476 856 1534; x_wconf 93' lang='lat' dir='ltr'><strong>quo</strong></span> <span class='ocrx_word' id='word_1_95' title='bbox 876 1459 1037 1516; x_wconf 91' lang='lat' dir='ltr'><strong>Labienum</strong></span> <span class='ocrx_word' id='word_1_96' title='bbox 1056 1459 1181 1530; x_wconf 89' lang='lat' dir='ltr'><strong>miserat,</strong></span> 
     </span>
     <span class='ocr_line' id='line_1_14' title="bbox 189 1555 1181 1632; baseline -0.002 -16"><span class='ocrx_word' id='word_1_97' title='bbox 189 1558 354 1628; x_wconf 89' lang='lat' dir='ltr'><strong>contendit;</strong></span> <span class='ocrx_word' id='word_1_98' title='bbox 383 1556 517 1615; x_wconf 88' lang='lat' dir='ltr'><strong>cohortes</strong></span> <span class='ocrx_word' id='word_1_99' title='bbox 541 1565 677 1632; x_wconf 89' lang='lat' dir='ltr'><strong>quattuor</strong></span> <span class='ocrx_word' id='word_1_100' title='bbox 699 1575 735 1614; x_wconf 88' lang='lat' dir='ltr'><strong>ex</strong></span> <span class='ocrx_word' id='word_1_101' title='bbox 762 1557 897 1632; x_wconf 85' lang='lat' dir='ltr'><strong>proximo</strong></span> <span class='ocrx_word' id='word_1_102' title='bbox 918 1556 1035 1614; x_wconf 90' lang='lat' dir='ltr'><strong>castello</strong></span> <span class='ocrx_word' id='word_1_103' title='bbox 1058 1555 1181 1628; x_wconf 89' lang='lat' dir='ltr'><strong>deducit,</strong></span> 
     </span>
     <span class='ocr_line' id='line_1_15' title="bbox 189 1655 1181 1732; baseline -0.001 -18"><span class='ocrx_word' id='word_1_104' title='bbox 189 1657 318 1732; x_wconf 90' lang='lat' dir='ltr'><strong>equitum</strong></span> <span class='ocrx_word' id='word_1_105' title='bbox 342 1664 455 1732; x_wconf 91' lang='lat' dir='ltr'><strong>partem</strong></span> <span class='ocrx_word' id='word_1_106' title='bbox 480 1673 511 1714; x_wconf 91' lang='lat' dir='ltr'><strong>se</strong></span> <span class='ocrx_word' id='word_1_107' title='bbox 533 1655 623 1730; x_wconf 91' lang='lat' dir='ltr'><strong>sequi,</strong></span> <span class='ocrx_word' id='word_1_108' title='bbox 644 1665 756 1730; x_wconf 91' lang='lat' dir='ltr'><strong>partem</strong></span> <span class='ocrx_word' id='word_1_109' title='bbox 777 1655 927 1713; x_wconf 91' lang='lat' dir='ltr'><strong>circumire</strong></span> <span class='ocrx_word' id='word_1_110' title='bbox 942 1656 1096 1732; x_wconf 86' lang='lat' dir='ltr'><strong>exteriores</strong></span> <span class='ocrx_word' id='word_1_111' title='bbox 1117 1673 1181 1713; x_wconf 90' lang='lat' dir='ltr'><strong>mu-</strong></span> 
     </span>
     <span class='ocr_line' id='line_1_16' title="bbox 143 1751 1180 1828; baseline 0 -18"><span class='ocrx_word' id='word_1_112' title='bbox 143 1767 172 1818; x_wconf 86' lang='lat'><strong>15</strong></span> <span class='ocrx_word' id='word_1_113' title='bbox 189 1754 313 1812; x_wconf 90' lang='lat' dir='ltr'><strong>nitiones</strong></span> <span class='ocrx_word' id='word_1_114' title='bbox 337 1762 366 1811; x_wconf 93' lang='lat' dir='ltr'><strong>et</strong></span> <span class='ocrx_word' id='word_1_115' title='bbox 388 1753 426 1810; x_wconf 91' lang='lat' dir='ltr'><strong>ab</strong></span> <span class='ocrx_word' id='word_1_116' title='bbox 447 1761 529 1828; x_wconf 90' lang='lat' dir='ltr'><strong>tergo</strong></span> <span class='ocrx_word' id='word_1_117' title='bbox 550 1751 650 1810; x_wconf 90' lang='lat' dir='ltr'><strong>hostes</strong></span> <span class='ocrx_word' id='word_1_118' title='bbox 676 1752 781 1810; x_wconf 91' lang='lat' dir='ltr'><strong>adoriri</strong></span> <span class='ocrx_word' id='word_1_119' title='bbox 802 1753 889 1811; x_wconf 87' lang='lat' dir='ltr'><strong>iubet.</strong></span> <span class='ocrx_word' id='word_1_120' title='bbox 931 1752 1077 1810; x_wconf 89' lang='lat' dir='ltr'><strong>Labienus</strong></span> <span class='ocrx_word' id='word_1_121' title='bbox 1100 1763 1180 1828; x_wconf 93' lang='lat' dir='ltr'><strong>post-</strong></span> 
     </span>
     <span class='ocr_line' id='line_1_17' title="bbox 188 1849 1181 1928; baseline 0 -19"><span class='ocrx_word' id='word_1_122' title='bbox 188 1869 276 1928; x_wconf 89' lang='lat' dir='ltr'><strong>quam</strong></span> <span class='ocrx_word' id='word_1_123' title='bbox 300 1868 395 1927; x_wconf 91' lang='lat' dir='ltr'><strong>neque</strong></span> <span class='ocrx_word' id='word_1_124' title='bbox 420 1868 541 1926; x_wconf 88' lang='lat' dir='ltr'><strong>aggeres</strong></span> <span class='ocrx_word' id='word_1_125' title='bbox 565 1867 660 1926; x_wconf 90' lang='lat' dir='ltr'><strong>neque</strong></span> <span class='ocrx_word' id='word_1_126' title='bbox 688 1849 784 1908; x_wconf 87' lang='lat' dir='ltr'><strong>fossae</strong></span> <span class='ocrx_word' id='word_1_127' title='bbox 808 1851 867 1908; x_wconf 90' lang='lat' dir='ltr'><strong>vim</strong></span> <span class='ocrx_word' id='word_1_128' title='bbox 891 1849 1018 1908; x_wconf 90' lang='lat' dir='ltr'><strong>hostium</strong></span> <span class='ocrx_word' id='word_1_129' title='bbox 1042 1851 1181 1909; x_wconf 90' lang='lat' dir='ltr'><strong>sustinere</strong></span> 
     </span>
     <span class='ocr_line' id='line_1_18' title="bbox 187 1947 1181 2024; baseline -0.001 -17"><span class='ocrx_word' id='word_1_130' title='bbox 187 1957 329 2024; x_wconf 88' lang='lat' dir='ltr'><strong>poterant,</strong></span> <span class='ocrx_word' id='word_1_131' title='bbox 358 1949 466 2007; x_wconf 87' lang='lat' dir='ltr'><strong>coactis</strong></span> <span class='ocrx_word' id='word_1_132' title='bbox 500 1967 559 2008; x_wconf 89' lang='lat' dir='ltr'><strong>una</strong></span> <span class='ocrx_word' id='word_1_133' title='bbox 589 1964 629 2004; x_wconf 82' lang='lat' dir='ltr'><strong>xu</strong></span> <span class='ocrx_word' id='word_1_134' title='bbox 660 1947 837 2020; x_wconf 89' lang='lat' dir='ltr'><strong>cohortibus,</strong></span> <span class='ocrx_word' id='word_1_135' title='bbox 866 1965 938 2024; x_wconf 91' lang='lat' dir='ltr'><strong>quas</strong></span> <span class='ocrx_word' id='word_1_136' title='bbox 971 1966 1007 2005; x_wconf 90' lang='lat' dir='ltr'><strong>ex</strong></span> <span class='ocrx_word' id='word_1_137' title='bbox 1042 1949 1181 2024; x_wconf 85' lang='lat' dir='ltr'><strong>proximis</strong></span> 
     </span>
     <span class='ocr_line' id='line_1_19' title="bbox 187 2044 1182 2124; baseline -0.002 -18"><span class='ocrx_word' id='word_1_138' title='bbox 187 2047 337 2124; x_wconf 88' lang='lat' dir='ltr'><strong>praesidiis</strong></span> <span class='ocrx_word' id='word_1_139' title='bbox 358 2046 496 2112; x_wconf 87' lang='lat' dir='ltr'><strong>deductas</strong></span> <span class='ocrx_word' id='word_1_140' title='bbox 517 2046 576 2104; x_wconf 89' lang='lat' dir='ltr'><strong>sors</strong></span> <span class='ocrx_word' id='word_1_141' title='bbox 597 2045 708 2117; x_wconf 88' lang='lat' dir='ltr'><strong>obtulit,</strong></span> <span class='ocrx_word' id='word_1_142' title='bbox 724 2044 879 2104; x_wconf 84' lang='lat' dir='ltr'><strong>Caesarem</strong></span> <span class='ocrx_word' id='word_1_143' title='bbox 900 2063 952 2120; x_wconf 89' lang='lat' dir='ltr'><strong>per</strong></span> <span class='ocrx_word' id='word_1_144' title='bbox 975 2046 1091 2104; x_wconf 90' lang='lat' dir='ltr'><strong>nuntios</strong></span> <span class='ocrx_word' id='word_1_145' title='bbox 1112 2045 1182 2104; x_wconf 86' lang='lat' dir='ltr'><strong>facit</strong></span> 
     </span>
     <span class='ocr_line' id='line_1_20' title="bbox 187 2143 1181 2220; baseline -0.002 -16"><span class='ocrx_word' id='word_1_146' title='bbox 187 2145 345 2216; x_wconf 88' lang='lat' dir='ltr'><strong>certiorem,</strong></span> <span class='ocrx_word' id='word_1_147' title='bbox 368 2144 437 2220; x_wconf 92' lang='lat' dir='ltr'><strong>quid</strong></span> <span class='ocrx_word' id='word_1_148' title='bbox 458 2143 622 2202; x_wconf 85' lang='lat' dir='ltr'><strong>faciendum</strong></span> <span class='ocrx_word' id='word_1_149' title='bbox 644 2144 792 2202; x_wconf 88' lang='lat' dir='ltr'><strong>existimet</strong></span> <span class='ocrx_word' id='word_1_150' title='bbox 836 2144 987 2202; x_wconf 87' lang='lat' dir='ltr'><strong>Accelerat</strong></span> <span class='ocrx_word' id='word_1_151' title='bbox 1011 2143 1126 2216; x_wconf 90' lang='lat' dir='ltr'><strong>Caesar,</strong></span> <span class='ocrx_word' id='word_1_152' title='bbox 1148 2155 1181 2202; x_wconf 95' lang='lat' dir='ltr'><strong>ut</strong></span> 
     </span>
     <span class='ocr_line' id='line_1_21' title="bbox 143 2241 1180 2318; baseline 0.003 -22"><span class='ocrx_word' id='word_1_153' title='bbox 143 2261 173 2296; x_wconf 67' lang='grc' dir='ltr'><strong>πο</strong></span> <span class='ocrx_word' id='word_1_154' title='bbox 188 2242 298 2318; x_wconf 92' lang='lat' dir='ltr'><strong>proelio</strong></span> <span class='ocrx_word' id='word_1_155' title='bbox 322 2242 440 2300; x_wconf 90' lang='lat' dir='ltr'><strong>intersit.</strong></span> <span class='ocrx_word' id='word_1_156' title='bbox 483 2247 537 2301; x_wconf 82' lang='lat'><strong>88.</strong></span> <span class='ocrx_word' id='word_1_157' title='bbox 558 2241 629 2299; x_wconf 91' lang='lat' dir='ltr'><strong>Eius</strong></span> <span class='ocrx_word' id='word_1_158' title='bbox 650 2241 775 2300; x_wconf 90' lang='lat' dir='ltr'><strong>adventu</strong></span> <span class='ocrx_word' id='word_1_159' title='bbox 796 2259 832 2298; x_wconf 87' lang='lat' dir='ltr'><strong>ex</strong></span> <span class='ocrx_word' id='word_1_160' title='bbox 854 2241 951 2300; x_wconf 92' lang='lat' dir='ltr'><strong>colore</strong></span> <span class='ocrx_word' id='word_1_161' title='bbox 972 2241 1089 2299; x_wconf 87' lang='lat' dir='ltr'><strong>vestitus</strong></span> <span class='ocrx_word' id='word_1_162' title='bbox 1110 2259 1180 2316; x_wconf 89' lang='lat' dir='ltr'><strong>cog·</strong></span> 
     </span>
     <span class='ocr_line' id='line_1_22' title="bbox 187 2339 1181 2415; baseline 0 -19"><span class='ocrx_word' id='word_1_163' title='bbox 187 2341 257 2409; x_wconf 93' lang='lat' dir='ltr'><strong>nito,</strong></span> <span class='ocrx_word' id='word_1_164' title='bbox 272 2357 331 2415; x_wconf 93' lang='lat' dir='ltr'><strong>quo</strong></span> <span class='ocrx_word' id='word_1_165' title='bbox 346 2339 451 2414; x_wconf 88' lang='lat' dir='ltr'><strong>insigni</strong></span> <span class='ocrx_word' id='word_1_166' title='bbox 465 2339 495 2396; x_wconf 91' lang='lat' dir='ltr'><strong>in</strong></span> <span class='ocrx_word' id='word_1_167' title='bbox 508 2339 624 2414; x_wconf 88' lang='lat' dir='ltr'><strong>proeliis</strong></span> <span class='ocrx_word' id='word_1_168' title='bbox 638 2340 680 2396; x_wconf 92' lang='lat' dir='ltr'><strong>uti</strong></span> <span class='ocrx_word' id='word_1_169' title='bbox 697 2348 856 2410; x_wconf 89' lang='lat' dir='ltr'><strong>consuerat,</strong></span> <span class='ocrx_word' id='word_1_170' title='bbox 871 2339 1029 2414; x_wconf 88' lang='lat' dir='ltr'><strong>turmisque</strong></span> <span class='ocrx_word' id='word_1_171' title='bbox 1051 2339 1181 2414; x_wconf 91' lang='lat' dir='ltr'><strong>equitum</strong></span> 
     </span>
     <span class='ocr_line' id='line_1_23' title="bbox 188 2436 1179 2512; baseline -0.002 -16"><span class='ocrx_word' id='word_1_172' title='bbox 188 2447 217 2496; x_wconf 90' lang='lat' dir='ltr'><strong>et</strong></span> <span class='ocrx_word' id='word_1_173' title='bbox 238 2436 404 2495; x_wconf 92' lang='lat' dir='ltr'><strong>cohortibus</strong></span> <span class='ocrx_word' id='word_1_174' title='bbox 425 2436 500 2506; x_wconf 92' lang='lat' dir='ltr'><strong>visis,</strong></span> <span class='ocrx_word' id='word_1_175' title='bbox 522 2455 595 2512; x_wconf 90' lang='lat' dir='ltr'><strong>quas</strong></span> <span class='ocrx_word' id='word_1_176' title='bbox 616 2454 648 2495; x_wconf 93' lang='lat' dir='ltr'><strong>se</strong></span> <span class='ocrx_word' id='word_1_177' title='bbox 669 2437 751 2512; x_wconf 93' lang='lat' dir='ltr'><strong>sequi</strong></span> <span class='ocrx_word' id='word_1_178' title='bbox 773 2437 901 2507; x_wconf 88' lang='lat' dir='ltr'><strong>iusserat,</strong></span> <span class='ocrx_word' id='word_1_179' title='bbox 922 2445 954 2494; x_wconf 93' lang='lat' dir='ltr'><strong>ut</strong></span> <span class='ocrx_word' id='word_1_180' title='bbox 976 2437 1013 2494; x_wconf 91' lang='lat' dir='ltr'><strong>de</strong></span> <span class='ocrx_word' id='word_1_181' title='bbox 1037 2436 1107 2494; x_wconf 93' lang='lat' dir='ltr'><strong>locis</strong></span> <span class='ocrx_word' id='word_1_182' title='bbox 1130 2454 1179 2494; x_wconf 93' lang='lat' dir='ltr'><strong>su-</strong></span> 
     </span>
     <span class='ocr_line' id='line_1_24' title="bbox 188 2525 1181 2610; baseline 0 -18"><span class='ocrx_word' id='word_1_183' title='bbox 188 2534 349 2610; x_wconf 92' lang='lat' dir='ltr'><strong>perioribus</strong></span> <span class='ocrx_word' id='word_1_184' title='bbox 386 2533 458 2591; x_wconf 88' lang='lat' dir='ltr'><strong>haec</strong></span> <span class='ocrx_word' id='word_1_185' title='bbox 493 2525 612 2592; x_wconf 77' lang='lat' dir='ltr'><strong>declivia</strong></span> <span class='ocrx_word' id='word_1_186' title='bbox 646 2543 674 2592; x_wconf 92' lang='lat' dir='ltr'><strong>et</strong></span> <span class='ocrx_word' id='word_1_187' title='bbox 709 2533 817 2592; x_wconf 88' lang='lat' dir='ltr'><strong>devexa</strong></span> <span class='ocrx_word' id='word_1_188' title='bbox 856 2535 1054 2604; x_wconf 89' lang='lat' dir='ltr'><strong>cernebantur,</strong></span> <span class='ocrx_word' id='word_1_189' title='bbox 1088 2535 1181 2592; x_wconf 91' lang='lat' dir='ltr'><strong>nostri</strong></span> 
     </span>
     <span class='ocr_line' id='line_1_25' title="bbox 187 2619 1236 2707; baseline 0.001 -19"><span class='ocrx_word' id='word_1_190' title='bbox 187 2631 329 2707; x_wconf 88' lang='lat' dir='ltr'><strong>proelium</strong></span> <span class='ocrx_word' id='word_1_191' title='bbox 363 2631 553 2690; x_wconf 88' lang='lat' dir='ltr'><strong>committunt.</strong></span> <span class='ocrx_word' id='word_1_192' title='bbox 595 2630 748 2707; x_wconf 90' lang='lat' dir='ltr'><strong>Utrimque</strong></span> <span class='ocrx_word' id='word_1_193' title='bbox 779 2631 904 2689; x_wconf 89' lang='lat' dir='ltr'><strong>clamore</strong></span> <span class='ocrx_word' id='word_1_194' title='bbox 933 2630 1045 2688; x_wconf 91' lang='lat' dir='ltr'><strong>sublato</strong></span> <span class='ocrx_word' id='word_1_195' title='bbox 1073 2631 1180 2706; x_wconf 87' lang='lat' dir='ltr'><strong>excipit</strong></span> <span class='ocrx_word' id='word_1_196' title='bbox 1230 2619 1236 2628; x_wconf 53' lang='grc'><em>’</em></span> 
     </span>
     <span class='ocr_line' id='line_1_26' title="bbox 142 2727 1180 2804; baseline 0 -18"><span class='ocrx_word' id='word_1_197' title='bbox 142 2749 172 2800; x_wconf 82' lang='lat'><strong>²5</strong></span> <span class='ocrx_word' id='word_1_198' title='bbox 187 2747 284 2788; x_wconf 89' lang='lat' dir='ltr'><strong>rursus</strong></span> <span class='ocrx_word' id='word_1_199' title='bbox 298 2747 334 2787; x_wconf 87' lang='lat' dir='ltr'><strong>ex</strong></span> <span class='ocrx_word' id='word_1_200' title='bbox 348 2728 422 2786; x_wconf 92' lang='lat' dir='ltr'><strong>vallo</strong></span> <span class='ocrx_word' id='word_1_201' title='bbox 436 2739 522 2804; x_wconf 89' lang='lat' dir='ltr'><strong>atque</strong></span> <span class='ocrx_word' id='word_1_202' title='bbox 536 2729 672 2788; x_wconf 90' lang='lat' dir='ltr'><strong>omnibus</strong></span> <span class='ocrx_word' id='word_1_203' title='bbox 692 2729 901 2786; x_wconf 89' lang='lat' dir='ltr'><strong>munitionibus</strong></span> <span class='ocrx_word' id='word_1_204' title='bbox 919 2727 1037 2786; x_wconf 90' lang='lat' dir='ltr'><strong>clamor.</strong></span> <span class='ocrx_word' id='word_1_205' title='bbox 1079 2727 1180 2786; x_wconf 89' lang='lat' dir='ltr'><strong>Nostri</strong></span> 
     </span>
     <span class='ocr_line' id='line_1_27' title="bbox 188 2825 1180 2902; baseline -0.002 -16"><span class='ocrx_word' id='word_1_206' title='bbox 188 2827 302 2886; x_wconf 90' lang='lat' dir='ltr'><strong>omissis</strong></span> <span class='ocrx_word' id='word_1_207' title='bbox 329 2825 393 2902; x_wconf 90' lang='lat' dir='ltr'><strong>pilis</strong></span> <span class='ocrx_word' id='word_1_208' title='bbox 421 2826 522 2902; x_wconf 92' lang='lat' dir='ltr'><strong>gladiis</strong></span> <span class='ocrx_word' id='word_1_209' title='bbox 550 2845 612 2885; x_wconf 89' lang='lat' dir='ltr'><strong>rem</strong></span> <span class='ocrx_word' id='word_1_210' title='bbox 639 2836 751 2902; x_wconf 92' lang='lat' dir='ltr'><strong>gerunt.</strong></span> <span class='ocrx_word' id='word_1_211' title='bbox 808 2825 941 2902; x_wconf 90' lang='lat' dir='ltr'><strong>Repente</strong></span> <span class='ocrx_word' id='word_1_212' title='bbox 968 2837 1036 2902; x_wconf 92' lang='lat' dir='ltr'><strong>post</strong></span> <span class='ocrx_word' id='word_1_213' title='bbox 1064 2837 1180 2902; x_wconf 90' lang='lat' dir='ltr'><strong>tergum</strong></span> 
     </span>
     <span class='ocr_line' id='line_1_28' title="bbox 188 2923 1180 3001; baseline 0.001 -19"><span class='ocrx_word' id='word_1_214' title='bbox 188 2925 329 3001; x_wconf 89' lang='lat' dir='ltr'><strong>equitatus</strong></span> <span class='ocrx_word' id='word_1_215' title='bbox 355 2924 496 2996; x_wconf 89' lang='lat' dir='ltr'><strong>cernitur;</strong></span> <span class='ocrx_word' id='word_1_216' title='bbox 525 2924 660 2984; x_wconf 91' lang='lat' dir='ltr'><strong>cohortes</strong></span> <span class='ocrx_word' id='word_1_217' title='bbox 684 2923 755 2982; x_wconf 89' lang='lat' dir='ltr'><strong>aliae</strong></span> <span class='ocrx_word' id='word_1_218' title='bbox 783 2924 1025 3000; x_wconf 86' lang='lat' dir='ltr'><strong>appropinquant.</strong></span> <span class='ocrx_word' id='word_1_219' title='bbox 1067 2923 1180 2982; x_wconf 88' lang='lat' dir='ltr'><strong>Hostes</strong></span> 
     </span>
     <span class='ocr_line' id='line_1_29' title="bbox 186 3020 1180 3098; baseline 0.001 -18"><span class='ocrx_word' id='word_1_220' title='bbox 186 3033 267 3098; x_wconf 92' lang='lat' dir='ltr'><strong>terga</strong></span> <span class='ocrx_word' id='word_1_221' title='bbox 293 3031 421 3093; x_wconf 89' lang='lat' dir='ltr'><strong>vertunt;</strong></span> <span class='ocrx_word' id='word_1_222' title='bbox 454 3021 629 3096; x_wconf 85' lang='lat' dir='ltr'><strong>fugientibus</strong></span> <span class='ocrx_word' id='word_1_223' title='bbox 657 3022 767 3098; x_wconf 87' lang='lat' dir='ltr'><strong>equites</strong></span> <span class='ocrx_word' id='word_1_224' title='bbox 794 3030 956 3079; x_wconf 86' lang='lat' dir='ltr'><strong>occurrunt.</strong></span> <span class='ocrx_word' id='word_1_225' title='bbox 998 3020 1044 3080; x_wconf 88' lang='lat' dir='ltr'><strong>Fit</strong></span> <span class='ocrx_word' id='word_1_226' title='bbox 1070 3039 1180 3097; x_wconf 87' lang='lat' dir='ltr'><strong>magna</strong></span> 
     </span>
     <span class='ocr_line' id='line_1_30' title="bbox 186 3117 1177 3196; baseline -0.002 -18"><span class='ocrx_word' id='word_1_227' title='bbox 186 3120 299 3179; x_wconf 86' lang='lat' dir='ltr'><strong>caedes.</strong></span> <span class='ocrx_word' id='word_1_228' title='bbox 342 3119 483 3186; x_wconf 80' lang='lat' dir='ltr'><strong>Sedulus,</strong></span> <span class='ocrx_word' id='word_1_229' title='bbox 505 3119 563 3177; x_wconf 86' lang='lat' dir='ltr'><strong>dux</strong></span> <span class='ocrx_word' id='word_1_230' title='bbox 584 3129 613 3178; x_wconf 90' lang='lat' dir='ltr'><strong>et</strong></span> <span class='ocrx_word' id='word_1_231' title='bbox 640 3120 775 3196; x_wconf 86' lang='lat' dir='ltr'><strong>princeps</strong></span> <span class='ocrx_word' id='word_1_232' title='bbox 802 3117 999 3189; x_wconf 90' lang='lat' dir='ltr'><strong>Lemovicum,</strong></span> <span class='ocrx_word' id='word_1_233' title='bbox 1020 3118 1177 3190; x_wconf 89' lang='lat' dir='ltr'><strong>occiditur;</strong></span> 
     </span>
     <span class='ocr_line' id='line_1_31' title="bbox 140 3215 1177 3298; baseline 0.002 -24"><span class='ocrx_word' id='word_1_234' title='bbox 140 3238 171 3286; x_wconf 86' lang='lat'><strong>30</strong></span> <span class='ocrx_word' id='word_1_235' title='bbox 186 3217 468 3276; x_wconf 92' lang='lat' dir='ltr'><strong>Vercassivellaunus</strong></span> <span class='ocrx_word' id='word_1_236' title='bbox 488 3217 635 3275; x_wconf 89' lang='lat' dir='ltr'><strong>Arvernus</strong></span> <span class='ocrx_word' id='word_1_237' title='bbox 656 3218 736 3275; x_wconf 92' lang='lat' dir='ltr'><strong>vivus</strong></span> <span class='ocrx_word' id='word_1_238' title='bbox 752 3217 787 3298; x_wconf 85' lang='lat' dir='ltr'><strong>in</strong></span> <span class='ocrx_word' id='word_1_239' title='bbox 808 3215 878 3292; x_wconf 89' lang='lat' dir='ltr'><strong>fuga</strong></span> <span class='ocrx_word' id='word_1_240' title='bbox 905 3217 1177 3292; x_wconf 90' lang='lat' dir='ltr'><strong>comprehenditur;</strong></span> 
     </span>
     <span class='ocr_line' id='line_1_32' title="bbox 186 3313 1177 3390; baseline 0.001 -18"><span class='ocrx_word' id='word_1_241' title='bbox 186 3315 269 3390; x_wconf 91' lang='lat' dir='ltr'><strong>signa</strong></span> <span class='ocrx_word' id='word_1_242' title='bbox 295 3315 425 3372; x_wconf 92' lang='lat' dir='ltr'><strong>militaria</strong></span> <span class='ocrx_word' id='word_1_243' title='bbox 452 3331 546 3372; x_wconf 83' lang='lat' dir='ltr'><strong>uxxrv</strong></span> <span class='ocrx_word' id='word_1_244' title='bbox 573 3313 611 3372; x_wconf 90' lang='lat' dir='ltr'><strong>ad</strong></span> <span class='ocrx_word' id='word_1_245' title='bbox 638 3313 795 3372; x_wconf 91' lang='lat' dir='ltr'><strong>Caesarem</strong></span> <span class='ocrx_word' id='word_1_246' title='bbox 822 3314 998 3373; x_wconf 86' lang='lat' dir='ltr'><strong>referuntur:</strong></span> <span class='ocrx_word' id='word_1_247' title='bbox 1026 3315 1111 3390; x_wconf 91' lang='lat' dir='ltr'><strong>pauci</strong></span> <span class='ocrx_word' id='word_1_248' title='bbox 1138 3334 1177 3374; x_wconf 85' lang='lat' dir='ltr'><strong>ex</strong></span> 
     </span>
    </p>
   </div>
   <div class='ocr_carea' id='block_1_3' title="bbox 185 3414 1182 3594">
    <p class='ocr_par' dir='ltr' id='par_1_3' title="bbox 185 3414 1182 3594">
     <span class='ocr_line' id='line_1_33' title="bbox 185 3414 1177 3494; baseline 0.002 -22"><span class='ocrx_word' id='word_1_249' title='bbox 185 3426 265 3473; x_wconf 92' lang='lat' dir='ltr'><strong>tanto</strong></span> <span class='ocrx_word' id='word_1_250' title='bbox 284 3433 460 3494; x_wconf 84' lang='lat' dir='ltr'><strong>numerose</strong></span> <span class='ocrx_word' id='word_1_251' title='bbox 476 3415 635 3474; x_wconf 90' lang='lat' dir='ltr'><strong>incolumes</strong></span> <span class='ocrx_word' id='word_1_252' title='bbox 654 3416 684 3473; x_wconf 93' lang='lat' dir='ltr'><strong>in</strong></span> <span class='ocrx_word' id='word_1_253' title='bbox 703 3425 796 3474; x_wconf 87' lang='lat' dir='ltr'><strong>castra</strong></span> <span class='ocrx_word' id='word_1_254' title='bbox 816 3416 965 3492; x_wconf 88' lang='lat' dir='ltr'><strong>recipiunt.</strong></span> <span class='ocrx_word' id='word_1_255' title='bbox 1007 3414 1177 3492; x_wconf 92' lang='lat' dir='ltr'><strong>Conspicati</strong></span> 
     </span>
     <span class='ocr_line' id='line_1_34' title="bbox 185 3512 1182 3594; baseline 0.003 -25"><span class='ocrx_word' id='word_1_256' title='bbox 185 3529 220 3570; x_wconf 83' lang='lat' dir='ltr'><strong>ex</strong></span> <span class='ocrx_word' id='word_1_257' title='bbox 241 3512 351 3588; x_wconf 92' lang='lat' dir='ltr'><strong>oppido</strong></span> <span class='ocrx_word' id='word_1_258' title='bbox 370 3512 489 3572; x_wconf 88' lang='lat' dir='ltr'><strong>caedem</strong></span> <span class='ocrx_word' id='word_1_259' title='bbox 504 3523 531 3572; x_wconf 93' lang='lat' dir='ltr'><strong>et</strong></span> <span class='ocrx_word' id='word_1_260' title='bbox 550 3513 649 3589; x_wconf 87' lang='lat' dir='ltr'><strong>fugam</strong></span> <span class='ocrx_word' id='word_1_261' title='bbox 664 3531 782 3573; x_wconf 90' lang='lat' dir='ltr'><strong>suorum</strong></span> <span class='ocrx_word' id='word_1_262' title='bbox 801 3513 953 3591; x_wconf 89' lang='lat' dir='ltr'><strong>desperata</strong></span> <span class='ocrx_word' id='word_1_263' title='bbox 970 3513 1059 3572; x_wconf 88' lang='lat' dir='ltr'><strong>salute</strong></span> <span class='ocrx_word' id='word_1_264' title='bbox 1074 3514 1182 3594; x_wconf 84' lang='lat' dir='ltr'><strong>copias¹</strong></span> 
     </span>
    </p>
   </div>
   <div class='ocr_carea' id='block_1_4' title="bbox 0 0 1330 3928">
    <p class='ocr_par' dir='ltr' id='par_1_4' title="bbox 0 0 1330 3928">
     <span class='ocr_line' id='line_1_35' title="bbox 0 0 1330 3928; baseline 0 2"><span class='ocrx_word' id='word_1_265' title='bbox 0 0 1330 3928; x_wconf 95' lang='lat' dir='ltr'><strong> </strong></span> 
     </span>
    </p>
   </div>
  </div>
 </body>
</html>
