2652 3928
149 255 285 319 tta-86.
374 269 425 333 nn,
442 262 551 319 aaran
574 261 723 320 canarno
745 267 856 318 comm.
883 269 944 318 νιι.
1077 263 1135 338 179

147 435 183 475 ex
216 427 350 494 quattuor
383 413 512 491 ducibus,
545 420 741 496 propinquum
773 417 1027 494 Vercingetorigis,
1055 434 1137 491 prae·
1185 443 1188 448 ·

147 516 254 574 ficiunt.
297 514 348 574 lile
363 535 399 575 ex
413 518 513 576 castris
528 519 620 594 prima
637 515 732 593 vigilia
747 527 880 592 egressus
897 529 990 592 prope
1004 513 1142 572 confecto

147 613 202 670 sub
222 613 316 672 lucem
337 615 439 674 itinere
457 625 525 690 post
545 625 676 674 montem
699 633 730 673 se
751 613 901 673 occultavit
920 611 1080 688 militesque
1101 628 1137 667 ex

146 721 289 770 nocturno
322 711 421 771 labore
450 723 514 770 sese
541 707 657 772 reficere
685 713 773 772 iussit.
816 707 892 771 Cum
919 711 977 769 iam
1004 709 1141 768 meridies

146 810 381 885 appropinquare
407 811 556 882 videretur,
579 811 616 869 ad
638 829 672 870 ea
693 821 793 882 castra,
815 828 889 885 quae
911 819 997 884 supra
1018 807 1166 866 demon-s

147 907 306 976 stravimus,
322 905 485 980 contendit;
509 909 670 984 eodemque
689 918 820 984 tempore
834 908 976 984 equitatus
990 907 1032 965 ad
1041 920 1138 980 camp·

149 1013 238 1063 estres
267 1007 442 1064 munitiones
470 1007 607 1066 accedere
634 1017 662 1065 et
684 1007 809 1082 reliquae
838 1007 939 1082 copiae
963 1024 1016 1083 pro
1040 1005 1138 1064 castris

147 1119 211 1161 sese
231 1103 385 1161 ostendere
406 1109 572 1179 coeperunt.
616 1109 669 1162 84.
691 1100 911 1178 Vercingetorix
932 1121 968 1161 ex
987 1121 1052 1161 arce
1071 1101 1140 1160 Ale-2

148 1201 206 1259 siae
221 1219 289 1259 suos
304 1201 488 1278 conspicatus
507 1215 544 1259 ex
561 1203 671 1279 oppido
692 1203 851 1278 egreditur;
874 1202 967 1273 cratis,
981 1201 1138 1276 longurios,

146 1297 303 1369 musculos,
317 1299 406 1358 falces
425 1300 599 1376 reliquaque,
615 1317 690 1376 quae
709 1299 867 1375 eruptionis
881 1315 968 1358 causa
981 1310 1137 1374 paraverat,
1154 1315 1183 1350 10

147 1395 263 1472 profert.
305 1396 455 1479 Pugnatur
466 1413 526 1456 uno
540 1407 671 1474 tempore
690 1398 825 1455 omnibus
844 1397 923 1468 loeis,
938 1406 1023 1473 atque
1041 1397 1139 1454 omnia

146 1503 340 1569 temptantur:
369 1511 443 1570 quae
468 1496 588 1554 minime
614 1496 674 1554 visa
701 1513 767 1571 pars
795 1495 877 1553 firma
904 1505 955 1566 est,
983 1495 1040 1554 huc
1067 1511 1137 1554 con·-

147 1593 275 1651 curritur.
317 1591 519 1651 Romanorum
538 1607 641 1652 manus
660 1593 746 1651 tantis
767 1593 974 1651 munitionibus
991 1593 1139 1652 distinetur
1192 1645 1196 1654 .

147 1707 202 1748 nec
217 1686 312 1748 facile
340 1691 468 1766 pluribus
497 1691 568 1750 locis
596 1692 725 1750 occurrit.
768 1689 893 1749 Multum
921 1693 958 1750 ad
990 1692 1142 1750 terrendos·

147 1797 262 1846 nostros
283 1787 358 1846 valet
379 1788 495 1858 clamor,
516 1789 565 1864 qui
585 1798 652 1864 post
672 1799 785 1864 tergum
806 1789 1003 1864 pugnantibus
1025 1789 1138 1859 exstitit,
1154 1805 1181 1854 15

148 1887 228 1962 quod
261 1903 345 1943 suum
373 1887 532 1962 perieulum
564 1887 594 1943 in
622 1887 716 1943 aliena
744 1885 842 1945 vident
871 1887 963 1944 salute
989 1897 1138 1945 constare:

148 1985 247 2042 omnia
261 1984 338 2042 enim
353 1984 530 2061 plerumque,
546 2000 620 2060 quae
643 1986 755 2054 absunt,
771 1983 968 2042 vehementius
987 1984 1142 2042 hominum

147 2089 260 2139 mentes
288 2081 463 2156 perturbant.
516 2087 569 2140 85.
592 2079 700 2140 Caesar
732 2080 869 2154 idoneum
901 2081 998 2140 locum
1028 2091 1139 2152 nactus,

148 2177 218 2254 quid
238 2195 354 2254 quaque
373 2197 409 2236 ex
431 2189 511 2255 parte
531 2190 654 2255 geratur,
670 2178 820 2254 cognoscit
828 2197 841 2250 ;.
858 2177 1053 2236 laborantibus
1072 2181 1139 2238 sub-

148 2277 242 2333 mittit.
284 2273 421 2352 Utrisque
455 2276 494 2334 ad
528 2279 657 2335 animum
691 2276 822 2346 occurrit,
849 2294 940 2333 unum
974 2291 1039 2335 esse
1071 2275 1140 2334 illud
1154 2297 1184 2333 πο

148 2383 273 2449 tempus,
297 2391 355 2448 quo
378 2375 505 2432 maxime
530 2375 667 2432 contendi
695 2372 863 2432 conveniat:
893 2371 977 2444 Galli,
998 2375 1052 2432 nisi
1077 2393 1139 2450 per-

148 2471 284 2546 fregerint
307 2471 489 2544 munitiones,
512 2472 548 2530 de
590 2472 670 2530 omni
695 2471 784 2530 salute
811 2461 984 2546 desperant3
1013 2472 1140 2531 Romani

150 2569 174 2626 si
204 2587 267 2626 rem
298 2569 481 2639 obtinuerint,
515 2570 603 2627 finem
634 2569 765 2626 laborum
797 2569 928 2626 omnium
961 2581 1138 2646 exspectant.

150 2662 280 2724 Maxime
308 2665 345 2724 ad
372 2667 534 2744 superiores
562 2667 736 2724 munitiones
757 2665 918 2736 laboratur:
931 2685 990 2742 quo
1017 2667 1140 2728 Vercas-

110 2795 112 2798 ·
151 2764 338 2822 sivellaunum
373 2765 495 2822 missum
530 2763 796 2822 demonstravimus.
842 2761 979 2839 Iniquum
1012 2765 1068 2824 loci
1103 2768 1140 2826 ad
1154 2785 1187 2835 ²5

150 2860 339 2919 declivitatem
354 2859 499 2937 fastigium
518 2877 658 2936 magnum
677 2859 764 2918 habet
783 2869 972 2918 momentum.
1014 2862 1071 2920 Alii
1084 2865 1141 2922 tela
1212 2859 1215 2864 ’

149 2957 307 3028 coniciunt,
323 2957 369 3015 alii
390 2959 532 3017 testudine
549 2958 625 3016 faeta
646 2959 787 3029 subeunt3
817 2953 977 3032 defatigatis
997 2960 1027 3018 in
1048 2961 1140 3019 vicem

149 3055 253 3130 integri
268 3056 434 3114 succedunt.
476 3057 576 3132 Agger
597 3055 633 3114 ab
653 3055 792 3114 universis
810 3056 841 3114 in
860 3057 1049 3115 munitionem
1068 3076 1139 3117 con-

80 3211 85 3221 ,
149 3154 239 3212 iectus
254 3163 282 3212 et
295 3171 449 3212 ascensum
469 3155 517 3212 dat
532 3155 621 3214 Gallis
642 3164 671 3212 ct
688 3172 730 3224 ea,
745 3167 819 3229 quae
840 3156 870 3212 in
889 3165 963 3213 terra
980 3157 1140 3216 occultave-

148 3260 213 3309 rant
241 3249 376 3324 Romani,
398 3243 541 3328 contegit3
574 3271 629 3310 nec
657 3253 714 3310 iam
742 3271 821 3310 arma
848 3253 955 3312 nostris
985 3271 1039 3312 nec
1066 3257 1139 3315 vires
1152 3280 1184 3328 30

150 3359 315 3424 suppetunt.
358 3357 411 3410 86.
434 3350 490 3410 His
509 3352 595 3409 rebus
616 3351 740 3427 cognitis
762 3349 870 3409 Caesar
890 3350 1051 3410 Labienum
1072 3371 1139 3412 cum

150 3447 317 3506 cohortibus
348 3467 399 3507 sex
433 3449 562 3507 subsidio
594 3448 791 3507 laborantibus
823 3450 924 3507 mittit:
956 3451 1086 3526 imperat,
1115 3453 1139 3512 si

150 3547 290 3604 sustinere
314 3563 374 3606 non
399 3557 507 3624 posset,
529 3547 658 3606 deductis
682 3547 847 3606 cohortibus
871 3547 1021 3624 eruptione
1044 3563 1137 3628 pugn-

619 3659 669 3702 tta
